2174 3728
1813 268 1850 319 7

218 408 422 461 Flavius
459 407 614 461 Iulius
649 408 868 460 Trebula
903 406 1136 459 Metusca
1171 407 1225 458 in
1265 405 1465 459 Sabinis
1504 407 1601 461 Vir
1636 409 1845 460 illustris

217 506 487 560 Protector
512 506 831 558 Domestieus
860 507 1095 574 temptavi
1123 507 1387 557 emendare
1415 506 1522 557 sine
1548 506 1845 573 antigrapho

216 605 411 656 meliori
449 614 499 656 et
539 606 773 656 adnotavi
810 603 1141 656 Bareellonae
1179 600 1329 655 Coss.
1377 602 1606 654 Dominis
1657 603 1844 654 nostris

217 703 472 753 Archadio
500 712 549 754 et
575 703 804 754 Honorio
834 703 1076 770 quintum.
1106 702 1167 770 (i.
1198 719 1245 753 e.
1275 719 1323 752 a.
1354 719 1403 769 p.
1435 719 1486 751 n.
1517 698 1581 752 C.
1610 700 1761 768 402).

215 798 316 866 Qui
366 802 648 852 emendavit
696 802 874 852 librum
893 838 906 862 ,
968 799 1062 850 fuit
1118 799 1444 851 Trebulanus
1490 800 1843 864 flletuscaem,

215 899 324 950 sive
343 937 358 962 ‚
388 908 442 949 ut
468 899 765 967 subscripsit
782 938 795 963 ‚
824 898 1043 949 Trebula
1070 900 1278 964 (ortus).
1328 896 1548 948 Trebula
1575 896 1839 959 lnetusca,

214 997 442 1064 oppidum
468 997 520 1046 in
546 993 747 1047 Sabinis
766 1036 779 1059 ‚
811 1004 981 1047 notum
1008 1013 1076 1046 ex
1100 993 1233 1046 Plin.
1264 994 1332 1045 H.
1360 994 1430 1046 N.
1459 993 1557 1060 III,
1576 994 1662 1046 17.
1693 994 1840 1062 Virg.

213 1093 348 1145 Aen.
377 1091 499 1157 VII,
528 1092 629 1144 711
659 1095 727 1145 ib.
759 1094 926 1163 Heyn.
959 1091 1129 1145 Strab.
1159 1092 1208 1146 V
1235 1112 1283 1161 p.
1311 1091 1416 1147 228
1441 1092 1506 1145 Β.

211 1199 443 1253 Litterae
468 1171 577 1253 NSN
602 1203 723 1253 vitio
751 1203 823 1253 sio
851 1204 1066 1271 scriptae
1093 1222 1181 1271 pro
1208 1202 1324 1266 BN,
1354 1203 1389 1252 i.
1422 1220 1468 1253 e.
1498 1200 1655 1252 MIN.
1699 1198 1845 1267 Quod

213 1300 439 1367 sequitur
464 1299 539 1354 VI
565 1302 743 1368 siglum
772 1311 849 1351 est
875 1303 1128 1369 dignitatis
1147 1341 1160 1365 ‚
1203 1303 1276 1352 uti
1312 1301 1646 1368 subscriptum
1683 1308 1762 1349 est
1790 1299 1843 1349 in

213 1397 414 1449 Horatii
441 1398 724 1449 codicibus:
771 1399 982 1450 Vettius
1016 1398 1263 1468 Agerius
1286 1399 1520 1450 Basilius
1543 1399 1844 1450 [Mavortius

216 1497 287 1550 V.
335 1496 394 1547 C.
437 1506 491 1547 et
517 1498 752 1547 inlustris
789 1506 886 1548 ete.
939 1497 1114 1550 Vales.
1159 1499 1218 1548 de
1256 1498 1368 1548 erit.
1412 1516 1460 1564 p.
1493 1495 1614 1547 181.
1668 1492 1839 1546 Bentl.

211 1596 370 1664 praef.
400 1593 529 1645 Hor.
560 1592 842 1646 Lindenbr.
875 1594 1025 1647 Obss.
1056 1597 1108 1646 in
1133 1594 1255 1646 Ter.
1285 1594 1448 1645 Andr.
1479 1596 1565 1645 fin.

210 1715 314 1768 ME
343 1687 389 1769 [Β]
420 1719 552 1785 [meo
580 1736 672 1768 usu
699 1735 743 1768 s.
774 1718 909 1785 usui]
952 1728 1237 1786 corruptum
1270 1736 1338 1769 ex
1363 1718 1488 1785 sigla
1514 1686 1697 1768 MELSI
1723 1719 1758 1768 i.
1791 1735 1837 1768 e.

211 1817 431 1867 meliori.

211 1913 504 1966 Protea-tor.
569 1912 800 1981 Dueang.
849 1916 1005 1982 gloss.
1047 1914 1167 1966 Lat.
1211 1926 1261 1967 et
1300 1914 1485 1966 Graec.
1526 1916 1577 1965 in
1616 1933 1665 1966 v.
1709 1936 1842 1985 προ-

208 2012 430 2082 τίκτωρ.
495 2010 693 2062 Lexiea
731 2010 948 2065 Gesneri
987 2024 1036 2065 et
1075 2013 1368 2064 Foreellini.
1424 2011 1739 2064 Biinemann.
1782 2015 1841 2063 ad

208 2107 354 2161 Lact.
384 2129 432 2178 p.
467 2108 599 2161 1421
630 2128 706 2177 sq.
750 2108 985 2162 Gothosr.
1017 2114 1077 2163 ad
1106 2109 1233 2162 Cod.
1263 2111 1457 2162 Theod.

207 2221 539 2273 Domestica-5
571 2221 803 2291 Duoang.
847 2223 897 2273 in
935 2232 1147 2290 utroque
1185 2222 1466 2274 Glossario.
1532 2222 1748 2274 Gesner.
1792 2234 1842 2274 et

209 2319 361 2372 Fore.
393 2330 444 2372 et
469 2338 593 2388 quae
621 2322 791 2373 notavi
819 2322 878 2372 ad
906 2318 1016 2372 Cio.
1049 2323 1107 2372 de
1133 2322 1211 2373 Re
1236 2321 1382 2373 Publ.

210 2432 474 2496 Barcino,
517 2431 610 2483 Gr.
648 2433 973 2503 Βαρκίνων,
1025 2437 1183 2486 forma
1222 2436 1369 2485 etiam
1409 2444 1521 2501 post
1559 2433 1838 2483 Honorium

211 2539 263 2583 et
297 2530 569 2582 Arcadium
608 2533 823 2596 usitata,
867 2534 932 2584 ef.
975 2532 1156 2601 Zumpt
1195 2533 1332 2583 Ann.
1366 2552 1412 2600 p.
1445 2529 1502 2583 C.
1532 2532 1667 2594 414,
1710 2535 1836 2582 unde

207 2631 529 2697 metaplasmo
570 2632 901 2699 posteriorum
942 2642 1160 2682 aetatum
1198 2633 1341 2682 valde
1380 2632 1625 2698 frequenti
1654 2633 1834 2682 factum

209 2728 543 2791 Βανοίφιοηα,
587 2747 706 2779 mox
742 2729 1073 2781 Barcellmza.

211 2844 471 2909 temptavi.
527 2840 621 2891 llic
661 2859 767 2892 mos
809 2851 918 2892 erat
942 2842 1191 2893 scribendi
1218 2844 1317 2892 ista
1342 2852 1526 2892 aelate.
1582 2841 1639 2892 ln
1665 2840 1837 2892 Mero-

208 2939 381 2990 baudis
411 2941 630 2990 carmine
657 2938 1009 3007 ap.Niebuhr.
1042 2959 1087 3008 p.
1126 2940 1188 2991 18
1215 2959 1264 2990 v.
1300 2940 1397 2991 125
1427 2943 1761 3009 lempltwe'l.“

138 3053 261 3105 Drei
287 3053 495 3105 Trierer
530 3054 935 3105 llandseluisten.
982 3055 1052 3106 Tr
1081 3056 1105 3104 'l
1137 3057 1224 3106 aus
1243 3054 1574 3121 l'erguinriit,
1615 3056 1664 3105 in
1693 3055 1726 3104 ὅ
1752 3073 1838 3121 ge-

140 3153 400 3204 sehriebon
421 3192 434 3215 ,
478 3154 713 3215 dieselbo,
757 3155 833 3204 die
863 3156 911 3203 iu
940 3155 1129 3205 meiner
1151 3153 1388 3219 Ausgabo
1424 3154 1512 3205 Tr.
1544 3152 1838 3202 bezeiehnet

140 3252 237 3314 ist3
289 3250 360 3302 Tr
385 3253 420 3305 2
446 3252 684 3304 ebcnsalls
712 3254 799 3303 aus
820 3250 1122 3319 Pergameut
1141 3291 1154 3316 ,
1198 3253 1247 3303 in
1274 3254 1307 3304 ὃ
1325 3290 1338 3314 ,
1383 3253 1469 3302 mit
1496 3252 1636 3302 einer
1660 3248 1835 3301 Liicko
