2174 3728
283 255 353 309 32
972 257 1286 307 PERSII

281 397 378 447 iam
405 414 534 447 nunc
562 396 809 463 astringas
827 433 840 459 ,
877 396 975 446 iam
1001 413 1130 446 nunc
1158 396 1391 463 granaria
1416 396 1594 446 laxes?
1856 393 1976 445 Ἴ110

283 481 431 547 inque
457 482 560 531 luto
588 481 740 529 fixum
766 481 927 547 possis
968 480 1319 530 transcendere
1358 497 1626 542 nummum,

282 582 374 615 nec
402 566 558 631 glutto
586 564 789 614 sorbere
826 565 1031 614 salivam
1067 562 1456 614 Mercurialem?

284 647 470 712 „Haec
498 665 603 698 mea
632 655 777 709 sunt,
807 653 1030 710 teneo,“
1073 665 1182 697 cum
1208 663 1327 696 vere
1356 647 1542 697 dixeris
1560 684 1574 709 ,
1617 656 1725 698 esto

282 733 501 798 liberque
530 749 586 782 ac
615 731 809 797 sapiens
836 728 1159 781 Praetoribus
1188 739 1237 781 et
1260 727 1387 781 Jove
1415 731 1625 780 dextro:

282 815 361 866 sin
386 824 466 877 tu,
508 833 616 865 cum
645 815 798 864 fueris
827 823 1029 864 nostrae
1057 816 1201 882 paulo
1229 822 1343 864 ante
1380 815 1594 881 farinae,
1875 809 1976 862 115

283 899 561 967 pelliculam
586 908 809 949 veterem
835 899 1025 948 retines
1044 938 1057 961 ,
1089 907 1138 948 et
1166 899 1328 948 fronte
1357 898 1537 964 politus

285 992 499 1033 astutam
525 982 700 1049 vapido
729 1000 902 1032 servas
930 983 1019 1032 sub
1048 992 1249 1050 pectore
1284 983 1510 1049 vulpem:

285 1084 410 1134 quae
439 1068 667 1117 dederam
695 1084 872 1133 supra,
903 1075 1072 1134 repeto
1091 1103 1104 1128 ,
1136 1068 1398 1132 funemque
1425 1066 1640 1116 reduco:

284 1151 336 1200 ni
362 1151 449 1200 tibi
477 1151 727 1201 concessit
751 1151 878 1200 ratio
898 1188 910 1212 ,
942 1151 1143 1217 digitum
1173 1167 1383 1212 exsere,
1422 1168 1628 1217 peccas:

285 1243 336 1285 et
362 1235 474 1300 quid
501 1243 600 1284 tam
626 1235 867 1302 parvum?
919 1232 1019 1285 Sed
1046 1235 1178 1284 nullo
1206 1242 1315 1283 ture
1341 1234 1528 1296 litabis,
1878 1229 1982 1283 120

285 1318 490 1368 haereat
514 1318 565 1367 in
592 1319 755 1368 stultis
783 1318 948 1369 brevis
976 1327 1031 1369 ut
1056 1318 1311 1368 semuncia
1342 1317 1488 1367 recti.

285 1401 424 1452 Haec
452 1402 663 1453 miscere
691 1403 861 1464 nefas:
905 1420 1026 1464 nec,
1069 1420 1177 1452 cum
1205 1402 1272 1452 sis
1302 1410 1470 1451 cetera
1495 1401 1680 1462 fossor,

285 1487 376 1536 tris
405 1495 592 1536 tantum
621 1487 680 1537 ad
707 1504 937 1537 numeros
967 1495 1185 1554 satyrum
1209 1503 1442 1536 moveare
1471 1483 1711 1552 Bathylli.

290 1568 492 1633 „Liber
520 1577 680 1637 ego.“
722 1570 864 1621 L'nde
893 1572 1057 1621 datum
1084 1571 1175 1620 hoc
1204 1571 1356 1620 sumis
1376 1609 1388 1632 ,
1418 1578 1493 1619 tot
1520 1569 1711 1619 subdite
1737 1567 1924 1618 rebus?

287 1672 351 1704 an
379 1655 625 1704 dominum
652 1655 853 1721 ignoras
877 1691 890 1717 ,
934 1655 1030 1703 nisi
1059 1672 1199 1720 quem
1226 1654 1443 1704 vindicta
1469 1652 1699 1703 relaxat?
1881 1649 1983 1703 125

286 1737 312 1789 Ι
337 1756 459 1805 puer
476 1776 488 1800 ,
521 1748 571 1789 et
596 1739 813 1805 strigiles
843 1734 1062 1804 Crispini
1090 1738 1150 1788 ad
1175 1738 1353 1787 balnea
1383 1738 1541 1799 defer,

287 1822 330 1873 si
355 1823 630 1889 increpuit,
674 1839 842 1872 cessas
871 1823 1118 1889 nugator?
1156 1822 1413 1872 servitium
1441 1838 1556 1871 acre

286 1915 336 1956 te
364 1907 485 1957 nihil
510 1907 741 1973 impellit,
780 1924 871 1956 nec
900 1907 1157 1972 quiequam
1184 1906 1502 1956 extrinsecus
1529 1905 1703 1966 intrat,

287 1991 416 2057 quod
444 2007 625 2040 nervos
653 1990 835 2056 agitet:
883 1991 969 2041 sed
995 1991 1038 2040 si
1063 1991 1196 2040 intus
1226 1999 1275 2040 et
1300 1990 1350 2039 in
1376 1990 1544 2040 iecore
1571 2005 1723 2056 aegro

287 2083 562 2125 nascuntur
589 2074 803 2138 domini,
849 2073 931 2140 qui
956 2083 1008 2124 tu
1036 2073 1323 2141 impunitior
1350 2074 1460 2124 exis
1880 2065 1984 2123 130

289 2167 437 2225 atque
467 2159 542 2208 hic
563 2195 576 2219 ,
610 2176 750 2224 quem
779 2159 839 2207 ad
869 2159 1086 2224 strigiles
1115 2158 1303 2207 scutica
1331 2167 1380 2208 et
1405 2165 1564 2207 metus
1592 2155 1693 2222 egit
1718 2156 1924 2206 herilis?

428 2240 582 2291 Mane
610 2242 749 2309 piger
775 2243 965 2292 stertis.
1009 2239 1171 2308 Surge
1188 2280 1201 2304 ,
1231 2242 1390 2307 inquit
1414 2239 1671 2303 Avaritia:
1715 2241 1827 2291 heia

287 2343 456 2393 surge.
496 2324 668 2393 'Negas
689 2364 701 2388 ,
731 2327 903 2388 instat,
935 2323 1118 2393 Surge,
1148 2326 1326 2391 inquit.
1371 2323 1533 2388 „Non
1561 2329 1753 2390 queo.“
1794 2321 1976 2392 Surge.

292 2408 405 2474 „Et
431 2410 543 2476 quid
570 2410 747 2478 agam?
766 2416 802 2439 “
843 2409 1092 2477 Rogitas?
1130 2410 1365 2477 saperdas
1392 2409 1579 2459 advehe
1605 2406 1787 2472 Ponto,

290 2503 570 2544 castoreum
588 2533 600 2556 ,
635 2503 835 2561 stuppas
856 2533 868 2557 ,
899 2495 1143 2545 hebenum
1163 2533 1176 2557 ,
1206 2503 1284 2544 tus
1304 2529 1317 2556 ,
1352 2493 1541 2543 lubrica
1568 2488 1706 2555 Coa3
1879 2489 1978 2544 135

288 2579 406 2628 tolle
433 2595 610 2628 recens
638 2578 823 2645 primus
851 2564 1042 2646 pipere
1079 2578 1279 2628 sitiente
1319 2577 1525 2628 camelo.

287 2661 446 2715 Verte
473 2662 685 2728 aliquid:
726 2663 854 2712 iura.
900 2660 1046 2725 „Sed
1071 2659 1298 2729 Juppiter
1323 2662 1554 2711 audiet.“
1603 2657 1775 2710 Eheu!

289 2763 410 2797 varo
427 2783 454 2808 „
489 2755 797 2813 regustatum
825 2747 975 2812 digito
1003 2746 1258 2796 terebrare
1285 2746 1495 2795 salinum

291 2839 553 2880 contentus
582 2847 788 2897 perages
808 2866 821 2891 ,
863 2830 905 2879 si
929 2830 1100 2880 vivere
1129 2848 1237 2880 cum
1262 2827 1389 2880 Jove
1418 2827 1597 2878 tendis.

289 2911 401 2965 Jam
428 2931 549 2981 puer
573 2915 613 2963 it
637 2915 812 2982 pellem
838 2913 1122 2964 succinctus
1150 2922 1200 2964 et
1225 2914 1562 2981 oenophorum
1603 2918 1766 2978 aptus.
1879 2909 1982 2962 140

290 3053 333 3081 v.
358 3041 440 3082 114
472 3045 517 3080 et
534 3041 640 3081 Jove
663 3055 701 3094 p.
729 3054 766 3081 c.
791 3051 828 3081 r.
863 3053 916 3079 ac
938 3054 959 3079 e
982 3040 1092 3079 coni.
1219 3053 1261 3080 ν.
1289 3041 1369 3081 117
1401 3044 1446 3080 in
1463 3044 1581 3093 pact.
1607 3051 1647 3092 p.
1672 3052 1711 3078 c.
1828 3049 1871 3077 v,
1899 3037 1979 3080 119

291 3097 359 3136 nil
379 3111 418 3150 p.
443 3111 480 3137 c.
507 3111 542 3136 r.
589 3100 638 3136 m·
667 3112 689 3138 e
719 3098 828 3138 coni.
866 3096 997 3149 Lipsii
1020 3110 1109 3150 opp.
1136 3102 1168 3136 t.
1196 3097 1252 3136 1V
1276 3111 1312 3150 p.
1341 3097 1437 3138 513.
1510 3109 1551 3136 v.
1582 3097 1659 3138 120
1690 3106 1883 3147 parvum
1912 3098 1982 3134 est

293 3165 335 3206 p.
357 3166 394 3193 c.
419 3167 455 3192 r.
497 3157 565 3192 est
583 3154 665 3193 del.
705 3154 843 3195 Bentl.
876 3154 927 3193 ad
952 3153 1052 3192 Hor.
1079 3154 1118 3192 S.
1146 3153 1196 3204 ΙΙ,
1222 3153 1263 3204 3,
1285 3154 1381 3195 283.
1464 3166 1506 3192 v.
1536 3152 1614 3193 123
1644 3153 1792 3203 satyri
1812 3165 1849 3204 p.
1875 3163 1912 3190 c.
1938 3163 1976 3190 r.

295 3222 338 3249 v.
364 3210 443 3251 130
475 3215 725 3251 nascantur
745 3225 783 3263 p.
808 3223 845 3250 c.
870 3223 905 3249 r.
968 3212 1075 3261 quin
1098 3223 1136 3262 p.
1197 3222 1240 3249 ν.
1268 3210 1346 3251 136
1376 3213 1421 3250 et
1447 3212 1522 3249 sit.
1558 3222 1596 3262 p.
1658 3220 1702 3247 ν.
1729 3208 1808 3248 140
1823 3210 1979 3260 pueris

293 3287 351 3294 —
371 3271 503 3318 aptas
533 3280 573 3321 p.
598 3280 634 3306 c.
659 3280 695 3308 r.
734 3280 846 3321 puer
874 3269 915 3307 it
936 3289 988 3295 —
1009 3270 1141 3319 aptus
1165 3278 1186 3306 e
1208 3267 1316 3306 coni.
