2174 3728
777 267 1119 317 SATIRA
1193 269 1270 320 VI.
1785 274 1853 326 35

147 401 443 455 Maeonides
472 400 688 470 Quintus
708 443 721 468 ,
751 422 944 473 pavone
973 424 1040 457 ex
1063 405 1402 476 Pythagoreo.

145 485 243 538 Hic
271 504 363 554 ego
391 505 600 539 securus
626 489 761 556 vulgi
790 499 839 540 et
866 491 978 557 quid
1005 501 1269 559 praeparet
1293 490 1485 545 Auster

143 571 323 622 infelix
348 573 517 639 pecori
535 610 548 635 ‚
580 590 787 624 securus
816 583 895 638 et,
938 576 1149 642 angulus
1175 575 1258 626 ille

143 654 296 705 vicini
323 664 495 706 nostro
524 657 636 722 quia
663 657 924 724 pinguior3
969 668 1018 709 et
1044 660 1087 710 si
1114 661 1237 710 adeo
1266 678 1439 711 omnes

144 738 392 788 ditescant
418 741 513 790 orti
541 740 789 807 peioribus
806 781 819 804 ⁷
862 760 1016 808 usquc
1043 760 1270 793 recusem
1783 753 1845 806 10

144 839 326 873 curvus
357 823 416 873 ob
443 824 490 873 id
517 825 669 874 minui
697 825 865 887 senio,
907 835 991 875 aut
1018 844 1231 877 coenare
1259 828 1366 878 sine
1394 840 1564 895 uncto,

143 914 194 957 et
219 906 413 973 signum
440 908 491 957 in
517 909 694 975 vapida
722 927 843 959 naso
875 910 1096 976 tetigisse
1125 911 1322 978 lagena.

141 983 410 1059 Discrepet
435 992 548 1041 hinc
576 993 721 1042 alius.
765 990 1003 1043 Geminos
1022 1033 1034 1056 ‚
1067 994 1371 1064 horoscope,
1411 1015 1532 1049 varo

141 1075 373 1142 producis
402 1072 596 1126 Genio:
639 1077 759 1127 solis
787 1077 1033 1128 natalibus
1063 1086 1140 1128 est
1166 1079 1249 1145 qui

141 1158 302 1227 tingat
328 1160 435 1210 olus
463 1159 648 1210 siccum
675 1161 835 1212 muria
860 1163 1001 1212 vafer
1026 1161 1075 1211 in
1104 1164 1259 1214 calice
1287 1174 1469 1232 empta,
1773 1175 1845 1226 20

139 1242 247 1311 ipse
274 1254 471 1294 sacrum
497 1244 723 1296 irrorans
751 1245 948 1313 patinae
976 1246 1144 1314 piper3
1188 1246 1263 1297 hic
1289 1247 1420 1299 bona
1448 1250 1595 1302 dente

139 1328 347 1395 grandia
374 1329 715 1395 magnanimus
743 1331 938 1396 peragit
964 1348 1104 1397 puer.
1146 1329 1275 1381 Utar
1302 1349 1394 1399 ego
1413 1370 1426 1395 ,
1457 1342 1588 1398 utar,

138 1428 231 1461 nec
258 1411 491 1462 rhombos
518 1412 629 1462 ideo
656 1413 848 1463 libertis
876 1431 1062 1481 ponere
1093 1415 1279 1476 lautus,

137 1513 229 1547 nec
255 1504 454 1547 tenuem
483 1497 659 1547 sollers
689 1497 945 1547 turdarum
971 1514 1120 1547 nosse
1149 1499 1372 1549 salivam.

134 1577 308 1631 Messe
335 1589 480 1631 tenus
508 1580 708 1648 propria
733 1581 846 1631 vive
868 1621 881 1645 ‚
915 1591 964 1633 et
991 1581 1228 1649 granaria
1248 1620 1261 1644 ,
1292 1583 1365 1633 fas
1394 1592 1490 1647 est,
1772 1593 1840 1645 25

136 1666 314 1716 emole.
356 1665 470 1731 quid
495 1666 724 1716 metuas?
762 1684 883 1717 occa
900 1706 913 1729 ,
953 1675 1002 1717 et
1028 1682 1172 1733 seges
1205 1667 1362 1717 altera
1387 1668 1439 1717 in
1466 1669 1618 1723 herba
1645 1685 1740 1727 est.

133 1748 234 1800 Ast
258 1758 406 1801 vocat
433 1750 674 1813 officium3
716 1750 856 1800 trahe
884 1760 1027 1818 rupta
1048 1789 1060 1813 ,
1102 1748 1303 1800 Bruttia
1329 1768 1456 1802 saxa

134 1833 331 1903 prendit
356 1833 543 1884 amicus
570 1834 713 1900 inops
730 1871 743 1895 ‚
782 1851 985 1900 remque
1014 1851 1207 1884 omnem
1235 1836 1482 1903 surdaque
1507 1848 1626 1892 vot-a

135 1918 354 1969 condidit
379 1914 554 1982 Ioni03
595 1918 727 1968 iacet
752 1918 856 1986 ipse
883 1918 934 1967 in
965 1917 1111 1969 litore
1141 1928 1191 1969 et
1216 1937 1315 1970 una

133 2003 364 2071 ingentes
392 2003 450 2052 de
478 2020 634 2071 puppe
664 2000 787 2064 Dei,
816 2002 1009 2068 iamque
1038 2003 1183 2053 obvia
1209 2004 1394 2071 mergis
1769 2010 1839 2062 30

133 2096 275 2139 costa
300 2086 423 2137 ratis
450 2088 666 2137 lacerae.
709 2084 858 2136 Nunc
887 2095 936 2136 et
963 2087 1020 2136 dc
1049 2088 1235 2154 cespite
1262 2089 1379 2139 vivo

132 2174 307 2239 frange
335 2171 517 2237 aliquid
535 2209 548 2233 ,
578 2170 763 2237 largire
790 2170 956 2238 inopi,
988 2188 1048 2221 ne
1076 2171 1235 2238 pictus
1264 2171 1466 2223 oberret

132 2257 362 2307 caerulea
385 2255 438 2304 in
465 2254 649 2305 tubula.
677 2285 747 2291 ——
774 2252 874 2305 Sed
903 2258 1120 2305 coenans
1135 2256 1322 2305 funeris
1351 2256 1498 2309 heres

132 2340 352 2408 negliget
376 2340 534 2389 iratus
553 2376 566 2399 ‚
599 2338 727 2404 quod
753 2356 857 2389 rem
887 2338 1165 2389 curtaveris
1187 2360 1200 2403 3
1240 2357 1397 2392 urnae

131 2443 248 2477 ossa
273 2424 483 2475 inodora
511 2423 674 2486 dabit,
707 2439 797 2473 seu
824 2423 1016 2490 spirent
1042 2423 1271 2474 cinnama
1298 2426 1520 2489 surdum,
1766 2432 1831 2482 35

131 2527 221 2563 scu
248 2525 422 2560 ceraso
450 2517 659 2576 peccent
686 2507 850 2557 casiae
868 2545 881 2569 ‚
928 2508 1126 2557 nescire
1153 2517 1373 2574 paratus.

128 2593 272 2648 Tunc
298 2594 429 2644 bona
455 2591 714 2642 incolumis
742 2592 967 2659 minuas?
1013 2590 1083 2640 Et
1109 2589 1311 2641 Bestius
1338 2602 1486 2659 urget

131 2680 362 2730 doctores
391 2674 603 2726 Graios:
650 2673 772 2738 „Ita
798 2676 880 2737 fit,
921 2684 1177 2741 postquam
1205 2693 1380 2742 sapere
1408 2678 1517 2728 urbi

134 2781 288 2827 „cum
315 2762 483 2830 pipere
512 2768 562 2809 ct
595 2759 766 2826 palmis
794 2759 932 2808 venit
963 2768 1185 2809 nostrum
1216 2760 1305 2809 hoc
1334 2762 1484 2813 maris
1514 2780 1717 2833 expers,

130 2846 460 2912 „foenisecae
488 2860 659 2893 crasso
685 2843 927 2894 vitiarunt
952 2844 1169 2911 unguine
1196 2844 1425 2912 pultes.“
1454 2879 1524 2884 ——
1761 2853 1829 2903 40

129 2931 270 2983 Haec
299 2933 466 2981 cincre
495 2928 704 2978 ulterior
730 2928 950 2977 metuas!
993 2927 1064 2977 At
1092 2937 1172 2990 tu,
1203 2946 1341 2978 meus
1371 2930 1536 2994 heres,

129 3015 350 3084 quisquis
379 3014 476 3065 eris
496 3051 509 3076 ,
540 3013 732 3080 paulum
761 3031 789 3062 a
819 3011 961 3061 turba
991 3012 1245 3063 seductior
1271 3013 1402 3064 audi.

129 3098 175 3154 Ο
202 3100 330 3152 bone
349 3139 363 3165 ,
393 3115 508 3150 num
534 3097 737 3164 ignoras
754 3098 775 3145 ’ἒ
812 3096 963 3147 missa
990 3105 1067 3146 est
1092 3115 1120 3147 a
1148 3095 1371 3150 Caesare
1397 3098 1568 3150 laurus

130 3292 172 3319 v.
201 3280 252 3320 18
284 3279 350 3318 lois
372 3291 411 3331 p.
438 3290 472 3316 c.
501 3291 535 3316 ι’.
571 3278 670 3315 hinc
693 3292 713 3314 ι·
736 3278 845 3315 voni.
927 3292 966 3316 v.
994 3279 1041 3319 37
1078 3279 1151 3316 secl
1171 3280 1208 3317 J}
1251 3293 1286 3331 p.

1397 3346 1477 3396 3.
