2174 3728
785 237 1128 288 SATIRA
1202 237 1261 285 V.
1794 237 1859 288 33

158 375 312 430 Ocius
339 378 400 428 ad
427 379 637 429 navem!
679 377 822 430 Nihil
849 377 1014 429 obstat
1031 415 1044 439 ,
1075 377 1192 444 quin
1218 376 1359 427 trabe
1386 386 1528 428 vasta

151 460 411 529 Aegaeum
437 463 600 532 rapias
619 501 632 526 ,
672 463 768 514 nisi
796 462 974 513 sollers
1002 460 1235 512 Luxuria
1260 470 1375 513 ante

153 547 410 597 seductum
437 557 664 598 moneat:
710 544 823 612 Quo
852 547 1026 598 deinde
1044 584 1056 607 ,
1098 545 1273 596 insane
1292 584 1305 608 ,
1336 547 1476 597 ruis?
1517 547 1649 613 quo?

153 631 267 697 quid
295 631 381 680 tibi
407 632 519 682 vis?
557 632 714 682 calido
742 632 831 682 sub
861 639 1061 698 pectore
1090 631 1308 680 mascula
1333 631 1445 682 bilis

151 714 417 776 intumuit,
463 733 607 782 quam
648 734 746 765 000
774 715 1055 765 extinxerit
1080 731 1208 764 urna
1234 715 1446 774 cicutae.
1748 715 1849 767 145

149 797 278 848 Tun'
306 817 443 850 mare
471 800 759 850 transilias?
798 800 882 849 tibi
902 837 914 860 ,
945 808 1075 849 torta
1104 799 1324 849 cannabe
1358 800 1500 861 fulto,

152 899 310 934 coena
337 885 403 934 sit
428 884 479 933 in
506 893 727 935 transtro
748 922 762 946 ,
804 882 1236 949 Veientanumque
1262 883 1506 933 rubellum

150 968 355 1019 exhalet
380 969 556 1036 vapida
583 970 767 1019 laesum
797 969 902 1035 pice
931 968 1121 1018 sessilis
1160 968 1321 1017 obba?

149 1052 263 1117 quid
291 1053 453 1120 petis?
491 1062 546 1102 ut
572 1053 787 1116 nummi,
830 1070 951 1118 quos
979 1051 1056 1101 hic
1086 1051 1362 1118 quincunce
1389 1051 1612 1102 modesto

149 1136 400 1187 nutrieras
419 1175 432 1199 ,
476 1147 716 1205 peragant
743 1137 913 1187 avidos
941 1138 1119 1187 sudare
1148 1136 1399 1186 deuncos?
1751 1139 1853 1192 150

145 1217 354 1288 Indulge
383 1219 544 1271 Genio
564 1261 577 1284 ,
621 1240 879 1289 carpamus
909 1222 1097 1281 dulcia,
1142 1229 1366 1270 nostrum
1403 1228 1498 1283 est,

147 1306 277 1370 quod
303 1306 464 1356 vivis:
510 1306 634 1355 cinis
662 1315 711 1356 et
740 1304 915 1356 Manes
945 1315 992 1356 et
1027 1306 1189 1355 fabula
1215 1307 1334 1366 fies;

150 1389 288 1456 [vive
316 1407 504 1440 memor
529 1390 643 1451 leti,
686 1390 810 1455 fugit
838 1390 989 1452 hora,
1034 1390 1125 1438 hoc
1154 1392 1281 1454 quod
1309 1389 1486 1453 loquor
1511 1388 1624 1440 inde
1653 1393 1776 1460 est.]

146 1470 230 1523 En
258 1474 371 1540 quid
398 1474 539 1540 agis?
576 1474 755 1540 duplici
781 1474 832 1522 in
861 1474 1109 1523 diversum
1136 1473 1379 1523 scinderis
1410 1473 1571 1534 hamo,

147 1558 393 1609 hunccine
411 1597 424 1621 ,
467 1577 531 1609 an
559 1558 685 1607 hunc
713 1559 974 1624 sequeris?
1015 1555 1206 1608 Subeas
1234 1558 1456 1608 alternus
1485 1568 1682 1624 oportet
1750 1558 1848 1612 155

148 1643 352 1710 ancipiti
379 1642 616 1709 obsequio
645 1643 869 1693 dominos
889 1681 902 1705 ,
945 1644 1168 1693 alternus
1198 1642 1431 1692 oberres:

147 1744 240 1778 nec
268 1736 322 1777 tu
340 1765 353 1789 ,
397 1745 506 1776 cum
535 1727 789 1777 obstiteris
818 1728 971 1777 semel
990 1765 1002 1789 ,
1045 1725 1348 1792 instantique
1375 1725 1577 1792 negaris

146 1828 324 1878 parere
351 1811 558 1878 imperio
578 1850 591 1873 ,
633 1810 763 1878 Rupi
791 1812 886 1861 iam
913 1811 1110 1860 vincula
1131 1849 1143 1872 ,
1187 1810 1342 1859 dicas.

144 1893 278 1946 Nam
307 1904 357 1946 et
382 1897 567 1946 luctata
595 1895 732 1946 canis
763 1897 942 1945 nodum
970 1893 1180 1960 abripit:
1225 1902 1443 1943 attamen
1471 1894 1559 1956 illi,

147 1997 258 2030 cum
287 1981 444 2047 fugit,
485 1998 513 2030 a
542 1981 667 2030 00110
696 1979 910 2029 trahitur
938 1995 1051 2046 pars
1079 1979 1227 2043 longa
1255 1986 1479 2027 catenae.
1749 1976 1852 2029 160

290 2062 462 2126 Dave,
506 2064 604 2114 cito
624 2103 636 2126 ,
680 2065 773 2115 hoc
802 2064 976 2114 credas
1004 2062 1198 2123 iubeo,
1223 2062 1365 2111 finire
1394 2062 1590 2110 dolores

146 2148 445 2217 praeteritos
473 2149 685 2198 meditor
714 2149 942 2211 (crudum
971 2143 1358 2197 Chaerestratus
1387 2162 1600 2211 unguem

148 2233 394 2283 abrodens
422 2232 493 2282 ait
520 2233 686 2298 haec).
728 2231 812 2281 An
839 2232 987 2282 siccis
1016 2231 1229 2280 dedecus
1259 2229 1451 2279 obstem

148 2317 410 2384 cognatis?
449 2316 534 2366 An
561 2335 665 2367 rem
692 2316 899 2384 patriam
927 2332 1127 2366 rumore
1156 2313 1362 2363 sinistro

147 2402 297 2454 limen
324 2401 383 2451 ad
412 2401 680 2452 obscenum
709 2403 933 2466 frangam
952 2438 965 2462 ,
998 2400 1109 2449 dum
1138 2394 1400 2466 Chrysidis
1428 2397 1550 2447 udas
1749 2396 1848 2448 165

149 2485 314 2536 ebrius
342 2494 458 2536 ante
485 2487 618 2536 fores
647 2486 870 2536 extincta
901 2502 1010 2535 cum
1041 2485 1146 2533 sace
1175 2482 1355 2532 canto?
1381 2512 1450 2518 -ψ

147 2568 320 2638 Euge,
352 2587 516 2637 puer,
548 2571 711 2637 sapias
733 2609 746 2632 ,
788 2568 877 2620 Dis
907 2567 1261 2636 depellentibus
1290 2582 1468 2631 agnam

148 2663 371 2723 percute.
402 2686 472 2691 —-
499 2652 626 2716 Sed,
659 2654 880 2716 censcn',
914 2651 1158 2720 plorabit,
1193 2649 1359 2711 Dave,
1391 2649 1602 2699 relicta?
1629 2682 1697 2686 -u

147 2738 402 2807 Nugaris:
445 2740 578 2790 solea
600 2777 612 2800 ,
645 2756 795 2805 puer,
837 2736 1164 2803 obiurgabere
1191 2734 1362 2785 rubra.

147 2821 230 2875 Ne
258 2823 506 2891 trepidare
534 2824 657 2873 velis
687 2831 833 2888 atquc
862 2830 998 2871 artos
1026 2821 1203 2870 rodere
1237 2835 1424 2869 casses.
1749 2818 1848 2870 170

147 2906 300 2960 Nunc
330 2909 464 2958 l'crus
492 2916 542 2958 ct
567 2907 788 2957 violens:
832 2914 883 2955 at
909 2905 949 2956 si
976 2914 1156 2968 vocet,
1189 2905 1314 2954 haud
1343 2919 1479 2952 mora
1498 2942 1511 2965 ,
1545 2902 1700 2965 dicas,

152 2993 381 3060 quidnam
407 2992 560 3059 igitur
588 2990 760 3040 faciam
775 2992 796 3039 ’ἰ
834 3007 893 3039 nc
922 3008 1078 3053 nunc,
1124 3008 1232 3040 cum
1260 2996 1484 3039 arcessat
1510 2996 1559 3036 ct
1586 2987 1716 3037 ultro

153 3077 422 3144 supplicet,
461 3076 726 3126 accedam?
766 3072 821 3124 Si
851 3082 982 3124 totus
1011 3082 1060 3124 et
1084 3074 1281 3140 integer
1309 3073 1442 3124 illinc

155 3216 195 3245 v.
224 3203 304 3246 147
322 3205 392 3254 fit
412 3217 450 3258 p.
570 3216 614 3244 v.
642 3204 723 3245 148
741 3203 905 3252 ,fissilis
929 3215 963 3241 r.
1084 3215 1126 3241 v.
1155 3202 1234 3244 150
1263 3205 1459 3253 pergant
1489 3213 1527 3240 o.
1564 3213 1597 3239 r.
1699 3212 1739 3238 v.
1770 3200 1847 3240 17⁶2

154 3272 364 3302 accersor
397 3273 432 3300 r.

1477 3325 1507 3373 3
