2174 3728
297 261 367 314 46
771 266 923 314 VITA
948 267 1009 315 A.
1040 266 1236 316 PERSII
1260 264 1501 317 FLACCI.

298 420 473 452 mano:
515 411 565 454 et
603 419 712 453 eum
748 422 940 470 quoque
979 406 1160 455 extulit
1195 405 1327 455 intra
1352 422 1535 472 paucos
1562 422 1738 457 annos.
1790 403 1992 457 Studuit

297 471 508 523 Flaccus
536 491 689 539 usque
717 476 775 524 ad
802 493 983 524 annum
1021 476 1358 525 duodecimum
1395 474 1704 526 Volaterris:
1746 476 1859 527 inde
1884 475 1990 526 Ro-

296 560 405 592 mae
444 544 570 610 apud
607 545 978 610 grammaticum
1017 543 1294 594 Remmium
1340 542 1688 596 Palaemonem
1711 553 1728 579 1
1766 556 1815 597 et
1861 546 1991 613 apud

296 613 546 663 rhetorem
574 613 855 679 Virginium
882 613 1108 664 Flavum.
1134 622 1152 647 2
1191 611 1316 664 Cum
1344 624 1477 665 esset
1492 632 1730 665 annorum
1750 617 1984 679 sedecim,

295 683 512 732 amicitia
539 684 700 751 coepit
726 685 796 734 uti
820 685 1018 734 Annaei
1046 681 1288 746 Cornuti,
1311 690 1331 717 3
1365 685 1434 734 ita
1474 694 1527 734 ut
1564 685 1622 734 ab
1661 703 1718 735 eo
1746 704 1987 752 nusquam

297 764 602 815 discederet:
658 777 686 809 a
726 776 819 823 quo
846 755 1152 805 introductus
1172 761 1191 787 ⁴
1218 755 1526 820 aliquatenus
1555 755 1605 804 in
1632 756 1988 823 philosophiam

297 843 392 886 est.
445 832 649 882 Amicos
686 828 855 879 hahuit
882 844 908 876 a
936 825 1089 892 prima
1117 825 1452 874 adolescentia
1479 821 1710 874 Caesium
1736 824 1949 876 Bassum
1969 831 1988 860 ⁵

297 914 347 956 et
361 900 681 970 Calpurnium
710 896 908 958 Suram,
931 902 950 929 ⁶
978 895 1182 960 quivivo
1199 912 1255 945 eo
1278 900 1295 926 ⁷
1321 895 1514 945 iuvenis
1543 896 1773 946 decessit.
1818 893 1988 946 Coluit

294 984 351 1026 ut
361 983 550 1042 patrem
567 969 832 1021 Servilium
843 966 1148 1016 Nonianum.
1172 969 1192 997 8
1228 962 1328 1015 Per
1341 961 1617 1015 Cornutum
1633 965 1986 1032 cognovitAn-

294 1062 473 1096 naeum
495 1043 642 1094 etiam
665 1038 946 1100 Lucanum,
977 1053 1280 1102 aequaevum
1301 1035 1574 1086 auditorem
1589 1032 1819 1086 Cornuti.
1850 1035 1986 1086 Nam

295 1112 549 1167 Cornutus
564 1113 648 1162 illo
662 1120 883 1176 tempore
897 1107 1116 1172 tragicus
1141 1112 1160 1138 ⁹
1177 1106 1286 1168 fuit,
1305 1113 1470 1155 sectae
1485 1102 1704 1168 Stoicae,
1735 1106 1985 1174 quiplibros

293 1184 629 1254 philosophiae
650 1188 693 1214 1⁰
717 1178 934 1244 reliquit.
966 1175 1067 1228 Sed
1088 1174 1325 1226 Lucanus
1353 1176 1474 1226 adeo
1501 1176 1774 1226 mirabatur
1799 1176 1986 1243 scripta

292 1257 492 1319 Flacci,
522 1263 578 1304 ut
598 1253 691 1303 vix
714 1249 957 1300 retineret
982 1263 1064 1309 se,
1093 1246 1177 1296 illo
1203 1246 1446 1296 recitante
1463 1283 1477 1309 ,
1507 1263 1537 1296 a
1563 1247 1810 1309 clamore,
1844 1246 1987 1313 [quin

292 1455 335 1505 3,
361 1453 419 1501 ὃ).
452 1449 571 1491 Fasti
602 1444 848 1486 consulares
880 1441 929 1480 ad
954 1453 993 1480 a.
1019 1453 1060 1480 11.
1087 1440 1170 1483 782
1190 1439 1374 1480 Fusium
1398 1445 1580 1492 ponunt,
1613 1445 1875 1480 correctores
1896 1439 1983 1480 Fa-

287 1513 430 1561 fium,
461 1520 503 1546 v.
539 1503 691 1545 AlmeI.
725 1501 916 1552 Spurius
938 1497 1187 1562 Fusias-est
1210 1497 1319 1549 apud
1341 1495 1433 1536 Liv.
1461 1497 1493 1544 I,
1518 1497 1573 1537 ,24
1595 1496 1652 1536 ib.
1679 1497 1810 1549 intpp.
1858 1496 1982 1536 Simi-

289 1568 391 1607 liter
420 1564 657 1603 derivatum
691 1558 789 1596 hinc
823 1567 967 1594 nomen
1000 1553 1210 1592 Fecscdz'ns
1234 1554 1457 1600 damnant,
1494 1559 1536 1592 ut
1558 1552 1667 1591 Duk.
1693 1554 1745 1592 ad
1768 1552 1884 1594 Flor.
1908 1552 1980 1604 111,

289 1623 360 1671 21,
385 1622 455 1671 25,
482 1626 522 1659 et
544 1615 744 1667 Fufidius
768 1611 1028 1665 praeferunt.
1394 1665 1402 1673 .
1848 1665 1856 1674 .

407 1678 426 1717 1
460 1676 519 1716 De
553 1687 599 1712 eo
632 1685 674 1711 v.
707 1669 880 1710 Passov.
918 1680 958 1719 p.
986 1665 1081 1706 100.
1122 1665 1240 1705 Adde
1273 1666 1592 1718 inscr1ptionem
1615 1666 1722 1718 apud
1746 1665 1903 1717 Scalig.
1928 1666 1982 1706 ad

435 1765 443 1773 .
503 1762 512 1771 .
542 1729 621 1771 192
644 1740 682 1767 3.

286 1735 429 1835 Εῃεθέ
458 1746 664 1828 &audatis
697 1782 746 1822 ab
779 1776 1079 1829 Oudendorpio
1111 1776 1207 1816 add.
1241 1776 1385 1828 Quint.
1421 1775 1496 1827 XI,
1530 1778 1570 1824 3,
1596 1779 1694 1825 1⁶26,
1720 1778 1793 1818 ubi
1817 1778 1983 1818 Flam³

289 1849 524 1902 Virginius
559 1848 623 1882 est
658 1841 699 1879 in
724 1838 878 1886 codd.,
911 1834 982 1887 qui
1018 1839 1116 1873 sunt
1150 1835 1331 1873 omnium
1355 1834 1520 1886 optimi,
1556 1839 1597 1873 et
1619 1833 1722 1874 Tac.
1747 1835 1855 1874 Anu.
1880 1834 1979 1883 XV,

288 1907 337 1948 71
396 1911 645 1957 quamquam
680 1896 738 1935 ibi
772 1895 814 1932 in
848 1892 1088 1942 cognomine
1123 1891 1293 1929 variant
1321 1891 1446 1936 libri,
1478 1903 1520 1929 v.
1546 1890 1661 1943 Lips,
1711 1891 1906 1931 Studiose
1929 1892 1981 1932 de

288 1937 366 2002 hoi:
401 1962 569 2000 rhetore
604 1954 689 2005 egit
719 1949 949 1992 Passovius
973 1961 1010 1999 p.
1036 1947 1105 1988 98.
1144 1960 1321 1999 quocum
1344 1947 1399 1986 cf.
1425 1947 1640 1999 Spalding.
1666 1948 1707 1986 in
1730 1949 1849 1988 Actis
1872 1948 1982 1988 Aca-

287 2019 449 2059 demiae
486 2013 773 2054 doctrinarum
804 2005 944 2046 Berol.
979 2005 1081 2043 hist.
1107 2009 1148 2043 et
1169 2003 1313 2056 philol.
1341 2015 1379 2043 3.
1410 2004 1720 2045 1804—1811.
1747 2018 1788 2058 p.
1814 2007 1840 2045 4
1863 2010 1906 2044 et
1928 2005 1982 2045 ad

288 2076 435 2129 Quint.
463 2071 536 2118 III,
564 2071 602 2116 1,
628 2068 698 2109 21.
1020 2113 1041 2124 .,
1240 2116 1248 2124 ι
1516 2116 1523 2124 .

403 2131 426 2171 3
458 2128 522 2168 CI'.
556 2125 675 2165 Suid.
714 2135 748 2161 s.
782 2133 825 2159 V.
862 2118 1132 2171 Κορι-ουτος.
1174 2114 1360 2155 Reimar.
1395 2116 1443 2155 ad
1477 2114 1597 2154 D1on.
1637 2115 1758 2156 Cass.
1783 2130 1822 2169 p.
1851 2117 1976 2160 1025,

287 2185 525 2230 Thorbeck.
552 2184 601 2221 de
622 2181 742 2221 Asin.
766 2176 873 2216 Poll.
903 2189 940 2226 p.
969 2174 1063 2213 105.
1090 2172 1202 2211 Scal.
1229 2173 1277 2211 ad
1302 2172 1459 2211 Euseb.
1485 2185 1523 2225 p.
1553 2172 1632 2212 197
1649 2185 1688 2212 a,
1718 2172 1900 2213 casaub·
1926 2174 1979 2213 ad

285 2246 401 2287 Pers.
428 2248 508 2282 sat.
533 2240 569 2280 V
593 2239 651 2277 in.
700 2235 750 2274 H.
774 2232 916 2272 Vales.
942 2230 993 2268 ad
1018 2229 1171 2268 Euseb.
1199 2229 1297 2267 hist.
1323 2229 1427 2267 eccl.
1454 2241 1492 2280 p.
1523 2229 1599 2269 109
1616 2241 1651 2268 0.
1685 2228 1854 2269 Reines.
1883 2243 1975 2283 epp.

285 2305 338 2343 ad
361 2301 533 2350 Rupert.
562 2310 600 2348 p.
627 2293 723 2338 538,
760 2288 883 2329 Voss.
910 2287 959 2326 de
984 2286 1080 2325 hist.
1105 2284 1199 2324 Lat.
1225 2284 1258 2332 I,
1284 2285 1336 2324 26
1361 2285 1414 2324 01.
1439 2284 1567 2324 Sand.
1593 2285 1760 2325 animm.
1787 2286 1827 2325 in
1850 2285 1975 2327 Voss.

285 2359 359 2412 lp.
388 2357 485 2398 335.
510 2352 680 2393 Fabric.
705 2346 808 2387 bibl.
834 2344 908 2384 Gr.
935 2342 1005 2389 ΙΙΙ,
1037 2342 1100 2382 15.
1124 2341 1238 2381 Jons.
1264 2342 1313 2380 de
1338 2354 1417 2381 scr.
1446 2341 1546 2381 hist.
1572 2341 1674 2394 phil.
1701 2340 1770 2392 ΙΙΙ,
1797 2342 1821 2382 7
1845 2355 1883 2395 p.
1903 2343 1974 2385 39,

285 2415 365 2456 Τ11.
401 2412 493 2452 Gal.
529 2422 620 2460 opp.
657 2405 790 2457 myth.
836 2402 955 2454 phys.
999 2399 1085 2438 eth.
1132 2397 1265 2450 praef.
1301 2411 1341 2437 11.
1376 2397 1426 2438 V.
1470 2398 1607 2452 Heyn,
1644 2399 1695 2437 ad
1727 2397 1846 2448 Virg-
1881 2399 1896 2438 Ι
1931 2413 1969 2451 Ρ.

285 2464 597 2513 CCXXXXIV.
633 2461 684 2502 G.
705 2461 737 2501 I.
758 2461 807 2499 de
824 2456 996 2499 Martini
1020 2456 1125 2506 disp.
1151 2455 1200 2494 de
1222 2454 1272 2493 L.
1297 2455 1468 2494 Annaeo
1491 2453 1676 2494 Cornuto
1697 2453 1745 2493 L.
1771 2455 1818 2495 Β.
1846 2456 1972 2497 1825,

400 2542 426 2581 4
457 2536 667 2578 Inductus
691 2527 880 2571 Oudend.
908 2526 976 2564 hic
1000 2531 1041 2564 et
1064 2526 1113 2563 ad
1135 2524 1262 2577 Apul.
1281 2537 1321 2576 p.
1341 2523 1437 2565 375.
1469 2525 1526 2564 At
1550 2523 1835 2564 introductus
1859 2532 1973 2567 recte

283 2612 328 2640 sc
353 2591 523 2645 habet,
546 2604 589 2630 ν.
616 2588 746 2629 Gron.
772 2585 822 2626 ad
846 2582 956 2623 Gen.
981 2580 1099 2633 XVI,
1123 2582 1165 2622 8.

399 2669 420 2708 5
451 2665 512 2704 De
537 2662 690 2703 Caesio
711 2657 870 2705 Basso,
895 2657 1019 2706 poeta
1040 2651 1196 2704 lyrico,
1220 2663 1263 2690 v.
1279 2649 1426 2703 Quint.
1448 2649 1506 2704 X,
1527 2650 1568 2702 1,
1588 2651 1656 2692 96.
1681 2649 1820 2692 Schol.
1837 2651 1912 2704 vl,
1930 2652 1968 2694 1.

395 2738 418 2778 6
451 2736 687 2776 Staturam
717 2727 832 2776 vulg.

395 2807 419 2848 7
454 2804 564 2846 Vivo
588 2814 635 2840 eo
656 2800 759 2839 Bon.
785 2807 832 2834 eo
854 2796 951 2832 vivo
972 2791 1092 2843 vulg.

394 2877 420 2918 8
450 2873 663 2915 Servilius
693 2867 949 2910 Nonianus,
984 2862 1188 2902 historiae
1217 2859 1424 2913 scriptor,
1460 2872 1504 2900 v,
1539 2859 1684 2912 Quint.
1722 2859 1781 2908 X,
1821 2861 1859 2912 1,
1887 2862 1967 2904 102

281 2936 338 2977 ib.
364 2932 505 2985 Spald.
530 2929 704 2968 Passov.
730 2938 768 2976 p.
796 2922 891 2963 122.
918 2976 926 2984 ·
1935 2974 1944 2983 ·

396 2991 419 3030 9
457 2987 673 3037 Traggeus
708 2981 797 3019 sine
829 2976 955 3016 dubio
989 2980 1233 3027 corruptum
1267 2979 1353 3023 est,
1401 2984 1650 3024 quamquam
1682 2985 1760 3011 non
1793 2973 1969 3015 offendit

280 3047 463 3088 Reimar.
491 3044 542 3083 ad
565 3041 688 3081 Dion.
715 3036 835 3076 Cass.
858 3032 895 3072 ΙΙ
918 3046 955 3084 p.
986 3031 1110 3078 1025,
1138 3044 1211 3070 nec
1235 3035 1349 3069 certa
1373 3030 1608 3068 emendatio
1630 3029 1831 3082 suppetit.

370 3117 419 3157 ¹0
451 3114 612 3154 Libros
640 3105 948 3163 philosophiae
975 3101 1004 3141 i.
1039 3114 1076 3140 e.
1112 3101 1163 3139 de
1198 3099 1485 3151 philosophia,
1511 3097 1620 3137 Plin.
1648 3098 1695 3136 H.
1723 3096 1775 3137 N.
1799 3097 1901 3138 XIII
1921 3113 1961 3153 p.

281 3175 387 3215 3792
442 3171 619 3220 Scripta
651 3161 954 3217 philosophiae
986 3157 1360 3219 Pythagoricae,-
1382 3161 1430 3194 ut
1468 3157 1614 3195 oratio
1655 3154 1962 3204 Aetnensium,

276 3226 523 3282 ὑπόμνημα
550 3217 762 3270 Ἰλιάδος,
797 3223 895 3258 cett.
917 3245 928 3267 ‚
962 3227 1005 3255 v,
1031 3211 1198 3254 Schaef.
1231 3213 1284 3253 ad
1313 3210 1432 3253 Dion.
1465 3209 1560 3251 Hal.
1589 3223 1629 3263 p.
1664 3211 1762 3254 213,
1797 3223 1891 3251 11103
1912 3212 1964 3252 ad

279 3287 370 3328 Cic.
395 3288 521 3324 oratt.
546 3280 599 3322 fr.
626 3293 664 3333 p.
691 3279 744 3320 94
760 3288 847 3329 sqq.
