2174 3728
796 249 1140 302 SA'I'IRA
1212 249 1273 298 V.
1805 247 1869 301 31

172 409 331 461 vappa
358 400 408 443 et
433 391 620 460 lippuS‚
658 399 708 444 et
732 390 784 443 in
811 390 945 443 tenui
975 389 1226 457 farragine
1251 388 1486 440 mendax.

171 476 402 531 Verterit
429 478 557 527 hunc
586 477 810 528 dominus
830 515 842 538 ‚
885 484 1134 525 momento
1171 474 1384 524 turbinis
1421 474 1530 525 exit

170 560 377 613 Marcus
405 561 582 613 Dama.
624 559 819 628 Papae!
855 558 1033 610 Marco
1061 559 1333 626 spondente
1359 576 1565 609 recusas

175 647 379 696 credere
408 655 460 696 tu
486 647 746 697 nummos?
782 643 960 695 Marco
988 644 1077 693 sub
1104 643 1264 693 iudice
1292 644 1482 710 palles?
1804 642 1873 695 80

171 728 380 781 Marcus
409 732 565 793 dixit,
608 731 677 780 ita
705 737 811 780 est:
854 728 1082 794 assigna,
1125 724 1301 776 Marce
1322 766 1334 789 ,
1366 727 1594 778 tabellas.

177 812 362 877 „Haec
389 833 525 866 mera
551 814 783 865 libertas!
829 813 921 861 1100
949 811 1090 860 nobis
1119 810 1247 877 pilea
1286 811 1499 862 donant!

177 915 287 961 „an
315 898 571 964 quisquam
599 907 676 948 est
701 898 824 948 alius
853 897 1005 958 liber,
1048 894 1143 943 nisi
1173 895 1353 946 ducere
1378 896 1533 947 vitam

175 982 301 1045 „cui
326 983 473 1045 licet,
512 991 567 1032 ut
590 983 783 1032 voluit?
821 981 938 1031 licet
962 989 1017 1029 ut
1042 980 1155 1029 volo
1182 980 1383 1030 vivere:
1428 999 1527 1032 non
1554 997 1661 1032 sum

175 1066 425 1129 „liberior
449 1064 698 1117 ΒΓιιῐοὶΝι
740 1063 983 1117 Μο0(1030
1012 1063 1233 1130 colligis,
1264 1064 1425 1132 inquit
1806 1063 1874 1118 85

174 1151 362 1201 stoicus
392 1151 468 1200 1110
496 1167 666 1201 aurem
694 1150 913 1199 mordaci
939 1150 1069 1199 lotus
1098 1157 1272 1212 aceto3

172 1234 295 1296 hoc,
325 1236 516 1301 reliqua
543 1234 765 1300 accipio,
806 1235 1007 1284 lz‘cetut
1044 1233 1158 1284 volo
1198 1234 1400 1293 vivere,
1443 1233 1580 1285 tolle.

175 1317 455 1382 „Vindicta
482 1327 742 1386 postquam
769 1335 906 1367 meus
934 1335 961 1367 a
988 1315 1231 1367 Praetore
1258 1317 1469 1379 recessi,

176 1421 312 1467 „cur
337 1403 456 1453 mihi
484 1420 583 1451 non
609 1401 758 1451 liceat
782 1401 929 1451 iussit
956 1401 1280 1466 quodcunque
1306 1401 1561 1463 voluntas,

174 1496 434 1556 „excepto
462 1487 505 1537 si
532 1485 646 1552 quid
672 1483 868 1535 Masuri
894 1485 1095 1535 rubrica
1120 1485 1401 1535 vetavit?“
1806 1485 1877 1539 90

173 1569 326 1622 Disce
344 1608 356 1632 ‚
389 1571 476 1622 sed
503 1571 577 1621 ira
606 1571 748 1620 cadat
774 1587 896 1620 naso
923 1586 1205 1636 rugosaque
1233 1586 1409 1631 sanna,

174 1656 285 1706 dum
313 1664 512 1706 veteres
539 1656 678 1707 avias
706 1655 794 1704 tibi
822 1655 880 1704 de
908 1656 1136 1721 pulmone
1162 1653 1372 1703 revello,

172 1738 293 1791 Non
318 1738 575 1791 Praetoris
604 1747 713 1791 erat
739 1740 902 1789 stultis
932 1739 1048 1788 dare
1084 1737 1253 1787 tenuia
1291 1755 1457 1788 rerum

174 1825 361 1886 officia,
392 1834 539 1891 atque
566 1842 708 1875 usum
735 1822 937 1890 rapidae
966 1822 1254 1889 permittere
1280 1821 1435 1872 vitae.

174 1906 471 1961 Sambucam
499 1909 644 1959 citius
673 1908 834 1959 caloni
869 1907 1119 1975 aptaveris
1159 1907 1277 1957 alto.
1809 1906 1877 1960 95

175 1990 290 2045 Stat
317 2001 492 2043 contra
517 1993 645 2044 ratio
673 2000 723 2042 et
749 2000 993 2041 secretam
1020 1990 1194 2057 gannit
1219 1990 1271 2039 in
1297 2006 1489 2052 aurem,

175 2095 238 2128 ne
265 2077 413 2128 liceat
439 2078 604 2127 facere
630 2078 706 2139 id,
747 2077 873 2144 quod
902 2076 1010 2142 quis
1036 2075 1233 2126 vitiabit
1259 2074 1470 2141 agendo.

173 2161 383 2214 Publica
407 2162 493 2212 lex
520 2161 769 2211 hominum
797 2169 1071 2225 naturaque
1100 2159 1323 2209 continet
1350 2159 1441 2209 1100
1470 2159 1566 2221 fas,

177 2255 232 2298 ut
257 2254 426 2297 teneat
449 2246 632 2297 vetitos
659 2245 859 2296 inscitia
895 2244 1067 2293 debilis
1103 2251 1264 2293 actus.

178 2330 341 2383 Diluis
369 2330 700 2392 helleborum,
744 2338 882 2380 certo
912 2344 1228 2394 compescere
1256 2335 1438 2395 puncto
1779 2327 1882 2382 100

178 2416 377 2469 nescius
404 2430 648 2476 examen,
688 2421 826 2464 vetat
853 2413 945 2463 hoc
973 2421 1152 2462 natura
1177 2412 1434 2475 mede11di3

178 2519 357 2554 navem
382 2501 424 2551 si
452 2508 625 2568 poscat
650 2498 742 2548 sibi
769 2505 1037 2565 peronatus
1077 2504 1249 2546 arator

178 2585 373 2639 luciferi
397 2583 534 2634 rudis
554 2622 568 2645 ‚
598 2584 846 2633 exclamet
871 2580 1137 2632 Melicerta
1165 2580 1356 2647 perisse

178 2671 393 2722 frontem
421 2668 479 2718 de
504 2667 686 2717 rebus:
732 2666 817 2715 tibi
844 2674 982 2715 recto
1009 2665 1182 2715 vivere
1210 2665 1309 2715 talo

181 2771 264 2806 ars
291 2753 459 2804 dedit?
497 2761 547 2802 et
572 2751 679 2802 veri
707 2750 921 2817 speciem
951 2750 1242 2815 dignoscere
1270 2749 1442 2812 calles,
1712 2780 1727 2795 .
1776 2750 1879 2805 105

181 2856 245 2891 ne
273 2856 368 2905 qua
394 2836 660 2887 subaerato
688 2835 975 2884 mendosum
1003 2833 1181 2882 tinniat
1207 2834 1369 2883 auro?

184 2938 407 2989 quaeque
433 2921 682 2988 sequenda
712 2920 904 2979 forent,
935 2934 1156 2983 quaeque
1184 2917 1414 2968 evitanda
1440 2918 1680 2983 vicissim,

182 3007 268 3059 illa
292 3006 428 3075 prius
456 3014 623 3068 creta,
662 3022 782 3055 mox
819 3003 939 3052 hacc
967 3001 1181 3052 carbone
1209 3003 1430 3052 notasti?

183 3106 239 3142 es
265 3090 484 3142 modicus
510 3090 647 3153 voti,
676 3105 849 3157 presso
875 3085 1011 3137 Lare
1029 3125 1042 3150 ‚
1084 3087 1240 3138 dulcis
1267 3087 1476 3139 amicis?

183 3230 227 3260 v.
251 3218 307 3260 84
337 3219 421 3258 sim
453 3229 495 3271 p.
530 3230 570 3257 0.
603 3229 640 3258 1·.
778 3228 820 3256 v.
845 3214 901 3257 87
922 3215 1145 3267 reliquum
1165 3229 1206 3272 p.
1230 3229 1267 3258 0.
1294 3229 1329 3258 r.
1469 3213 1574 3258 licet
1605 3216 1721 3259 illud
1750 3223 1795 3261 et
1828 3224 1880 3260 nt

182 3275 281 3319 volo
306 3274 411 3317 tolle
432 3287 472 3328 p.
495 3287 533 3315 0.
557 3287 595 3314 r.
669 3285 711 3314 v.
747 3273 800 3316 96
828 3275 985 3326 garrit·
1004 3285 1044 3327 p.
1067 3284 1104 3313 0.
