<?xml version="1.0" encoding="UTF-8"?>
<!DOCTYPE html PUBLIC "-//W3C//DTD XHTML 1.0 Transitional//EN"
    "http://www.w3.org/TR/xhtml1/DTD/xhtml1-transitional.dtd">
<html xmlns="http://www.w3.org/1999/xhtml" xml:lang="en" lang="en">
 <head>
  <title>
</title>
<meta http-equiv="Content-Type" content="text/html;charset=utf-8" />
  <meta name='ocr-system' content='tesseract 3.04.00' />
  <meta name='ocr-capabilities' content='ocr_page ocr_carea ocr_par ocr_line ocrx_word'/>
</head>
<body>
  <div class='ocr_page' id='page_1' title='image "./satirenp00persuoft_0019.png"; bbox 0 0 2174 3728; ppageno 0'>
   <div class='ocr_carea' id='block_1_1' title="bbox 615 955 1409 1018">
    <p class='ocr_par' dir='ltr' id='par_1_1' title="bbox 615 955 1409 1018">
     <span class='ocr_line' id='line_1_1' title="bbox 615 955 1409 1018; baseline -0.009 0"><span class='ocrx_word' id='word_1_1' title='bbox 615 965 683 1018; x_wconf 87' lang='lat' dir='ltr'>A.</span> <span class='ocrx_word' id='word_1_2' title='bbox 731 960 1023 1017; x_wconf 86' lang='lat' dir='ltr'>PERSII</span> <span class='ocrx_word' id='word_1_3' title='bbox 1082 955 1409 1014; x_wconf 86' lang='lat' dir='ltr'><strong>FLACCI</strong></span> 
     </span>
    </p>
   </div>
   <div class='ocr_carea' id='block_1_2' title="bbox 463 1130 1567 1201">
    <p class='ocr_par' dir='ltr' id='par_1_2' title="bbox 463 1130 1567 1201">
     <span class='ocr_line' id='line_1_2' title="bbox 463 1130 1567 1201; baseline -0.005 0"><span class='ocrx_word' id='word_1_4' title='bbox 463 1130 1567 1201; x_wconf 74' lang='lat' dir='ltr'><strong>SATIRAE,</strong></span> 
     </span>
    </p>
   </div>
   <div class='ocr_carea' id='block_1_3' title="bbox 826 1325 1150 1333">
    <p class='ocr_par' dir='ltr' id='par_1_3' title="bbox 826 1325 1150 1333">
     <span class='ocr_line' id='line_1_3' title="bbox 826 1325 1150 1333; baseline 0 2395"><span class='ocrx_word' id='word_1_5' title='bbox 826 1325 1150 1333; x_wconf 95' lang='lat' dir='ltr'> </span> 
     </span>
    </p>
   </div>
   <div class='ocr_carea' id='block_1_4' title="bbox 695 1431 1330 1520">
    <p class='ocr_par' dir='ltr' id='par_1_4' title="bbox 695 1431 1330 1520">
     <span class='ocr_line' id='line_1_4' title="bbox 695 1431 1330 1520; baseline -0.006 -24"><span class='ocrx_word' id='word_1_6' title='bbox 695 1431 1330 1520; x_wconf 63' lang='lat' dir='ltr'>[PROLOGUS]</span> 
     </span>
    </p>
   </div>
   <div class='ocr_carea' id='block_1_5' title="bbox 166 1572 1304 2738">
    <p class='ocr_par' dir='ltr' id='par_1_5' title="bbox 166 1572 1090 1644">
     <span class='ocr_line' id='line_1_5' title="bbox 166 1572 1090 1644; baseline 0.001 -19"><span class='ocrx_word' id='word_1_7' title='bbox 166 1572 277 1626; x_wconf 88' lang='lat' dir='ltr'>Nec</span> <span class='ocrx_word' id='word_1_8' title='bbox 305 1574 441 1626; x_wconf 82' lang='lat' dir='ltr'>fonte</span> <span class='ocrx_word' id='word_1_9' title='bbox 466 1573 605 1627; x_wconf 84' lang='lat' dir='ltr'>labra</span> <span class='ocrx_word' id='word_1_10' title='bbox 633 1576 794 1644; x_wconf 86' lang='lat' dir='ltr'>prolui</span> <span class='ocrx_word' id='word_1_11' title='bbox 822 1575 1090 1638; x_wconf 85' lang='lat' dir='ltr'>caballino,</span> 
     </span>
    </p>

    <p class='ocr_par' dir='ltr' id='par_1_6' title="bbox 168 1659 1304 2738">
     <span class='ocr_line' id='line_1_6' title="bbox 169 1659 1108 1728; baseline 0.001 -18"><span class='ocrx_word' id='word_1_12' title='bbox 169 1677 260 1710; x_wconf 89' lang='lat' dir='ltr'>nec</span> <span class='ocrx_word' id='word_1_13' title='bbox 285 1660 338 1710; x_wconf 91' lang='lat' dir='ltr'>in</span> <span class='ocrx_word' id='word_1_14' title='bbox 363 1660 552 1728; x_wconf 81' lang='lat' dir='ltr'>bicipiti</span> <span class='ocrx_word' id='word_1_15' title='bbox 577 1662 855 1712; x_wconf 79' lang='lat' dir='ltr'>somniasse</span> <span class='ocrx_word' id='word_1_16' title='bbox 880 1659 1108 1712; x_wconf 79' lang='lat' dir='ltr'>Parnaso</span> 
     </span>
     <span class='ocr_line' id='line_1_7' title="bbox 168 1744 1304 1813; baseline -0.003 -19"><span class='ocrx_word' id='word_1_17' title='bbox 168 1745 399 1806; x_wconf 80' lang='lat' dir='ltr'>memini,</span> <span class='ocrx_word' id='word_1_18' title='bbox 443 1753 497 1794; x_wconf 94' lang='lat' dir='ltr'>ut</span> <span class='ocrx_word' id='word_1_19' title='bbox 521 1755 726 1813; x_wconf 84' lang='lat' dir='ltr'>repente</span> <span class='ocrx_word' id='word_1_20' title='bbox 753 1746 824 1796; x_wconf 88' lang='lat' dir='ltr'>sic</span> <span class='ocrx_word' id='word_1_21' title='bbox 853 1755 995 1813; x_wconf 85' lang='lat' dir='ltr'>poeta</span> <span class='ocrx_word' id='word_1_22' title='bbox 1026 1744 1304 1812; x_wconf 81' lang='lat' dir='ltr'>prodiren13</span> 
     </span>
     <span class='ocr_line' id='line_1_8' title="bbox 169 1826 1199 1897; baseline -0.002 -19"><span class='ocrx_word' id='word_1_23' title='bbox 169 1826 590 1895; x_wconf 89' lang='lat' dir='ltr'>Heliconidasque</span> <span class='ocrx_word' id='word_1_24' title='bbox 617 1826 941 1897; x_wconf 88' lang='lat' dir='ltr'>pallidamque</span> <span class='ocrx_word' id='word_1_25' title='bbox 979 1827 1199 1879; x_wconf 81' lang='lat' dir='ltr'>Pirenen</span> 
     </span>
     <span class='ocr_line' id='line_1_9' title="bbox 169 1911 1289 1980; baseline -0.004 -17"><span class='ocrx_word' id='word_1_26' title='bbox 169 1912 267 1964; x_wconf 90' lang='lat' dir='ltr'>illis</span> <span class='ocrx_word' id='word_1_27' title='bbox 293 1912 493 1963; x_wconf 87' lang='lat' dir='ltr'>remitto</span> <span class='ocrx_word' id='word_1_28' title='bbox 510 1951 524 1976; x_wconf 83' lang='lat'>‚</span> <span class='ocrx_word' id='word_1_29' title='bbox 567 1931 774 1980; x_wconf 88' lang='lat' dir='ltr'>quorum</span> <span class='ocrx_word' id='word_1_30' title='bbox 801 1914 1043 1980; x_wconf 82' lang='lat' dir='ltr'>imagines</span> <span class='ocrx_word' id='word_1_31' title='bbox 1070 1911 1289 1963; x_wconf 74' lang='lat' dir='ltr'>lambunt</span> 
     </span>
     <span class='ocr_line' id='line_1_10' title="bbox 171 1997 1210 2066; baseline -0.002 -19"><span class='ocrx_word' id='word_1_32' title='bbox 171 1997 384 2048; x_wconf 86' lang='lat' dir='ltr'>hederae</span> <span class='ocrx_word' id='word_1_33' title='bbox 410 2014 681 2063; x_wconf 84' lang='lat' dir='ltr'>sequaces:</span> <span class='ocrx_word' id='word_1_34' title='bbox 723 1998 830 2066; x_wconf 92' lang='lat' dir='ltr'>ipse</span> <span class='ocrx_word' id='word_1_35' title='bbox 864 1998 1210 2064; x_wconf 86' lang='lat' dir='ltr'>semipaganus</span> 
     </span>
     <span class='ocr_line' id='line_1_11' title="bbox 171 2082 1280 2133; baseline -0.003 -1"><span class='ocrx_word' id='word_1_36' title='bbox 171 2082 232 2132; x_wconf 87' lang='lat' dir='ltr'>ad</span> <span class='ocrx_word' id='word_1_37' title='bbox 258 2097 405 2132; x_wconf 84' lang='lat' dir='ltr'>sacra</span> <span class='ocrx_word' id='word_1_38' title='bbox 427 2089 597 2132; x_wconf 85' lang='lat' dir='ltr'>vatum</span> <span class='ocrx_word' id='word_1_39' title='bbox 626 2099 824 2133; x_wconf 88' lang='lat' dir='ltr'>carmen</span> <span class='ocrx_word' id='word_1_40' title='bbox 852 2082 1006 2133; x_wconf 86' lang='lat' dir='ltr'>affero</span> <span class='ocrx_word' id='word_1_41' title='bbox 1035 2089 1280 2131; x_wconf 84' lang='lat' dir='ltr'>nostrum.</span> 
     </span>
     <span class='ocr_line' id='line_1_12' title="bbox 172 2163 1189 2237; baseline 0.002 -21"><span class='ocrx_word' id='word_1_42' title='bbox 172 2163 298 2232; x_wconf 80' lang='lat' dir='ltr'>Quis</span> <span class='ocrx_word' id='word_1_43' title='bbox 325 2165 580 2232; x_wconf 83' lang='lat' dir='ltr'>expedivit</span> <span class='ocrx_word' id='word_1_44' title='bbox 606 2165 816 2232; x_wconf 80' lang='lat' dir='ltr'>psittaco</span> <span class='ocrx_word' id='word_1_45' title='bbox 845 2184 986 2216; x_wconf 89' lang='lat' dir='ltr'>suum</span> <span class='ocrx_word' id='word_1_46' title='bbox 1013 2176 1189 2237; x_wconf 80' lang='grc' dir='ltr'><strong><em>χαῖρε,</em></strong></span> 
     </span>
     <span class='ocr_line' id='line_1_13' title="bbox 174 2246 1213 2318; baseline -0.004 -18"><span class='ocrx_word' id='word_1_47' title='bbox 174 2250 406 2318; x_wconf 83' lang='lat' dir='ltr'>picasque</span> <span class='ocrx_word' id='word_1_48' title='bbox 433 2246 601 2299; x_wconf 88' lang='lat' dir='ltr'>docuit</span> <span class='ocrx_word' id='word_1_49' title='bbox 623 2249 778 2300; x_wconf 87' lang='lat' dir='ltr'>verba</span> <span class='ocrx_word' id='word_1_50' title='bbox 803 2259 977 2301; x_wconf 87' lang='lat' dir='ltr'>nostra</span> <span class='ocrx_word' id='word_1_51' title='bbox 1005 2249 1213 2300; x_wconf 79' lang='lat' dir='ltr'>conari?</span> 
     </span>
     <span class='ocr_line' id='line_1_14' title="bbox 175 2332 1099 2401; baseline -0.002 -18"><span class='ocrx_word' id='word_1_52' title='bbox 175 2332 416 2400; x_wconf 84' lang='lat' dir='ltr'>magister</span> <span class='ocrx_word' id='word_1_53' title='bbox 440 2333 563 2384; x_wconf 87' lang='lat' dir='ltr'>artis</span> <span class='ocrx_word' id='word_1_54' title='bbox 590 2334 856 2400; x_wconf 85' lang='lat' dir='ltr'>ingenique</span> <span class='ocrx_word' id='word_1_55' title='bbox 888 2334 1099 2401; x_wconf 82' lang='lat' dir='ltr'>largitor</span> 
     </span>
     <span class='ocr_line' id='line_1_15' title="bbox 176 2416 1211 2484; baseline -0.005 -15"><span class='ocrx_word' id='word_1_56' title='bbox 176 2426 356 2469; x_wconf 90' lang='lat' dir='ltr'>venter</span> <span class='ocrx_word' id='word_1_57' title='bbox 372 2455 386 2481; x_wconf 84' lang='lat'><strong><em>‚</em></strong></span> <span class='ocrx_word' id='word_1_58' title='bbox 426 2426 633 2484; x_wconf 86' lang='lat' dir='ltr'>negatas</span> <span class='ocrx_word' id='word_1_59' title='bbox 661 2416 848 2467; x_wconf 84' lang='lat' dir='ltr'>artifex</span> <span class='ocrx_word' id='word_1_60' title='bbox 873 2418 1013 2484; x_wconf 86' lang='lat' dir='ltr'>sequi</span> <span class='ocrx_word' id='word_1_61' title='bbox 1038 2433 1211 2468; x_wconf 85' lang='lat' dir='ltr'>voces.</span> 
     </span>
     <span class='ocr_line' id='line_1_16' title="bbox 178 2500 1227 2570; baseline -0.009 -14"><span class='ocrx_word' id='word_1_62' title='bbox 178 2501 325 2570; x_wconf 83' lang='lat' dir='ltr'>Quod</span> <span class='ocrx_word' id='word_1_63' title='bbox 349 2504 393 2555; x_wconf 91' lang='lat' dir='ltr'>si</span> <span class='ocrx_word' id='word_1_64' title='bbox 420 2502 577 2554; x_wconf 85' lang='lat' dir='ltr'>dolosi</span> <span class='ocrx_word' id='word_1_65' title='bbox 603 2518 716 2569; x_wconf 90' lang='lat' dir='ltr'>spes</span> <span class='ocrx_word' id='word_1_66' title='bbox 742 2502 996 2552; x_wconf 86' lang='lat' dir='ltr'>refulserit</span> <span class='ocrx_word' id='word_1_67' title='bbox 1022 2500 1227 2560; x_wconf 82' lang='lat' dir='ltr'>nummi,</span> 
     </span>
     <span class='ocr_line' id='line_1_17' title="bbox 181 2586 1077 2656; baseline -0.007 -16"><span class='ocrx_word' id='word_1_68' title='bbox 181 2604 361 2640; x_wconf 88' lang='lat' dir='ltr'>corvos</span> <span class='ocrx_word' id='word_1_69' title='bbox 388 2596 560 2656; x_wconf 87' lang='lat' dir='ltr'>poetas</span> <span class='ocrx_word' id='word_1_70' title='bbox 588 2595 639 2637; x_wconf 92' lang='lat' dir='ltr'>et</span> <span class='ocrx_word' id='word_1_71' title='bbox 663 2586 914 2654; x_wconf 86' lang='lat' dir='ltr'>poetridas</span> <span class='ocrx_word' id='word_1_72' title='bbox 941 2586 1077 2653; x_wconf 88' lang='lat' dir='ltr'>picas</span> 
     </span>
     <span class='ocr_line' id='line_1_18' title="bbox 182 2668 1129 2738; baseline -0.008 -14"><span class='ocrx_word' id='word_1_73' title='bbox 182 2681 386 2724; x_wconf 86' lang='lat' dir='ltr'>cantare</span> <span class='ocrx_word' id='word_1_74' title='bbox 413 2672 587 2722; x_wconf 87' lang='lat' dir='ltr'>credas</span> <span class='ocrx_word' id='word_1_75' title='bbox 613 2668 910 2738; x_wconf 86' lang='lat' dir='ltr'>Pegaseium</span> <span class='ocrx_word' id='word_1_76' title='bbox 937 2677 1129 2719; x_wconf 87' lang='lat' dir='ltr'>nectar.</span> 
     </span>
    </p>
   </div>
   <div class='ocr_carea' id='block_1_6' title="bbox 1812 2326 1877 2379">
    <p class='ocr_par' dir='ltr' id='par_1_7' title="bbox 1812 2326 1877 2379">
     <span class='ocr_line' id='line_1_19' title="bbox 1812 2326 1877 2379; baseline 0.015 -1"><span class='ocrx_word' id='word_1_77' title='bbox 1812 2326 1877 2379; x_wconf 86' lang='lat'>10</span> 
     </span>
    </p>
   </div>
   <div class='ocr_carea' id='block_1_7' title="bbox 301 2841 1877 2904">
    <p class='ocr_par' dir='ltr' id='par_1_8' title="bbox 301 2841 1877 2904">
     <span class='ocr_line' id='line_1_20' title="bbox 301 2841 1877 2904; baseline -0.004 -12"><span class='ocrx_word' id='word_1_78' title='bbox 301 2864 345 2893; x_wconf 88' lang='lat' dir='ltr'>v.</span> <span class='ocrx_word' id='word_1_79' title='bbox 369 2852 396 2892; x_wconf 82' lang='lat'><strong>2</strong></span> <span class='ocrx_word' id='word_1_80' title='bbox 425 2864 566 2904; x_wconf 81' lang='lat' dir='ltr'>neque</span> <span class='ocrx_word' id='word_1_81' title='bbox 596 2864 633 2890; x_wconf 89' lang='lat' dir='ltr'>r.</span> <span class='ocrx_word' id='word_1_82' title='bbox 676 2850 900 2890; x_wconf 75' lang='lat' dir='ltr'>Parnasso</span> <span class='ocrx_word' id='word_1_83' title='bbox 922 2863 961 2902; x_wconf 90' lang='lat' dir='ltr'>p.</span> <span class='ocrx_word' id='word_1_84' title='bbox 985 2860 1023 2889; x_wconf 89' lang='lat' dir='ltr'>c.</span> <span class='ocrx_word' id='word_1_85' title='bbox 1087 2859 1128 2888; x_wconf 87' lang='lat' dir='ltr'>v.</span> <span class='ocrx_word' id='word_1_86' title='bbox 1154 2848 1177 2888; x_wconf 74' lang='lat'>4</span> <span class='ocrx_word' id='word_1_87' title='bbox 1210 2841 1565 2899; x_wconf 64' lang='lat' dir='ltr'>Heliconiadasq.</span> <span class='ocrx_word' id='word_1_88' title='bbox 1593 2860 1631 2899; x_wconf 87' lang='lat' dir='ltr'>p.</span> <span class='ocrx_word' id='word_1_89' title='bbox 1657 2860 1693 2886; x_wconf 91' lang='lat' dir='ltr'>c.</span> <span class='ocrx_word' id='word_1_90' title='bbox 1756 2859 1797 2887; x_wconf 90' lang='lat' dir='ltr'>v.</span> <span class='ocrx_word' id='word_1_91' title='bbox 1829 2845 1877 2887; x_wconf 78' lang='lat'>1⁰</span> 
     </span>
    </p>
   </div>
   <div class='ocr_carea' id='block_1_8' title="bbox 199 2905 1647 2962">
    <p class='ocr_par' dir='ltr' id='par_1_9' title="bbox 199 2905 1647 2962">
     <span class='ocr_line' id='line_1_21' title="bbox 199 2905 1647 2962; baseline -0.004 -14"><span class='ocrx_word' id='word_1_92' title='bbox 199 2911 441 2961; x_wconf 73' lang='lat' dir='ltr'>ingeniique</span> <span class='ocrx_word' id='word_1_93' title='bbox 464 2923 503 2962; x_wconf 85' lang='lat' dir='ltr'>p.</span> <span class='ocrx_word' id='word_1_94' title='bbox 528 2922 566 2948; x_wconf 90' lang='lat' dir='ltr'>c.</span> <span class='ocrx_word' id='word_1_95' title='bbox 638 2920 679 2947; x_wconf 92' lang='lat' dir='ltr'>v.</span> <span class='ocrx_word' id='word_1_96' title='bbox 707 2907 756 2948; x_wconf 82' lang='lat'>13</span> <span class='ocrx_word' id='word_1_97' title='bbox 775 2909 976 2959; x_wconf 68' lang='lat' dir='ltr'>poem-ias</span> <span class='ocrx_word' id='word_1_98' title='bbox 998 2918 1038 2945; x_wconf 90' lang='lat' dir='ltr'>c.</span> <span class='ocrx_word' id='word_1_99' title='bbox 1062 2918 1097 2945; x_wconf 88' lang='lat' dir='ltr'>r.</span> <span class='ocrx_word' id='word_1_100' title='bbox 1170 2917 1211 2945; x_wconf 89' lang='lat' dir='ltr'>v.</span> <span class='ocrx_word' id='word_1_101' title='bbox 1241 2906 1288 2945; x_wconf 79' lang='lat'>14</span> <span class='ocrx_word' id='word_1_102' title='bbox 1310 2905 1360 2945; x_wconf 80' lang='grc' dir='ltr'>Ρ.</span> <span class='ocrx_word' id='word_1_103' title='bbox 1384 2906 1521 2944; x_wconf 70' lang='lat' dir='ltr'>melos</span> <span class='ocrx_word' id='word_1_104' title='bbox 1547 2919 1585 2956; x_wconf 84' lang='lat' dir='ltr'>p.</span> <span class='ocrx_word' id='word_1_105' title='bbox 1610 2917 1647 2942; x_wconf 77' lang='lat' dir='ltr'>c.</span> 
     </span>
    </p>
   </div>
   <div class='ocr_carea' id='block_1_9' title="bbox 843 3085 1186 3094">
    <p class='ocr_par' dir='ltr' id='par_1_10' title="bbox 843 3085 1186 3094">
     <span class='ocr_line' id='line_1_22' title="bbox 843 3085 1186 3094; baseline -0.003 -1"><span class='ocrx_word' id='word_1_106' title='bbox 843 3085 1186 3094; x_wconf 78' lang='lat'>-—-—--——--——</span> 
     </span>
    </p>
   </div>
  </div>
 </body>
</html>
