2174 3728
810 191 1155 240 SATIRA
1229 193 1305 240 111.
1834 190 1902 244 23

730 385 1177 445 SATIRA
1252 389 1368 444 111.

197 521 394 590 Nempe
423 523 542 574 hacc
570 524 798 575 assiduez
842 525 939 574 iam
966 524 1151 575 clarum
1179 544 1321 577 mane
1348 528 1594 578 fenestras

197 606 355 656 intrat
382 616 431 657 et
458 615 695 675 angustas
724 610 951 659 extendit
975 610 1159 660 lumine
1185 611 1357 673 rimas,

195 691 449 741 stertimus
471 730 484 754 ,
529 691 815 751 indomitum
846 692 974 759 quod
1002 693 1292 760 despumare
1320 692 1588 746 Falernum

194 775 405 828 sufficiat
426 812 440 836 ,
472 775 641 842 quinta
669 777 780 827 dum
808 776 940 828 linea
966 778 1189 844 tangitur
1215 778 1404 829 umbra.

197 857 324 921 „En
352 860 466 926 quid
493 860 638 926 agis?
676 861 835 911 siccas
862 861 1039 912 insana
1067 857 1309 912 Canicula
1338 879 1528 913 messes
1864 865 1895 916 5

196 943 337 1006 „iam
365 944 544 994 dudum
572 946 767 1011 coquit,
802 953 851 996 et
877 946 1044 1017 patula
1070 962 1220 1012 pecus
1249 964 1393 997 omne
1421 947 1510 997 sub
1538 948 1669 998 ulmo
1698 960 1774 1000 est
1793 957 1852 1000 τίι

191 1045 318 1079 unus
346 1028 416 1079 ait
443 1028 691 1082 comitum.
735 1028 1070 1092 ‚‚Verumne?
1110 1029 1283 1080 itane?
1326 1031 1464 1081 ocius
1492 1032 1622 1082 adsit

190 1112 333 1175 „huc
361 1111 570 1180 aliquis:
618 1114 896 1166 nemon'?“
937 1112 1206 1180 Turgescit
1232 1115 1395 1167 vitrea
1420 1116 1553 1179 hilis,

191 1196 423 1259 finditur,
467 1195 716 1246 Arcadiae
743 1198 978 1264 pecuaria
1003 1199 1184 1248 rudere
1216 1199 1370 1250 dicas.

189 1278 301 1332 Jam
329 1280 454 1331 liber
481 1289 528 1330 et
556 1280 748 1331 bicolor
775 1282 949 1348 positis
977 1280 1262 1332 membrana
1290 1283 1497 1350 capillis,
1839 1287 1898 1339 10

190 1365 340 1432 inque
367 1382 542 1415 manus
571 1363 773 1414 chartae
802 1366 1088 1430 nodosaque
1116 1367 1253 1415 venit
1280 1368 1490 1418 arundo.

189 1446 333 1499 Tunc
360 1449 586 1514 queritur
605 1487 618 1510 ‚
669 1465 868 1499 crassus
898 1449 1086 1499 calamo
1116 1451 1244 1515 quod
1271 1452 1483 1517 pendeat
1511 1451 1701 1516 humor,

190 1533 333 1600 nigra
361 1534 490 1599 quod
516 1533 680 1583 infusa
706 1542 947 1583 vanescat
974 1533 1111 1600 sepia
1139 1535 1332 1601 lympha
1355 1556 1367 1597 3

190 1617 370 1671 dilutas
399 1618 624 1684 queritur
649 1617 868 1684 geminet
894 1619 1021 1684 quod
1056 1619 1219 1668 fistula
1254 1627 1442 1685 guttas.

191 1699 236 1754 Ο
263 1702 441 1752 miser!
483 1702 630 1768 inque
658 1701 762 1751 dies
791 1703 922 1751 ultra
948 1702 1130 1764 miser,
1174 1702 1382 1752 huccine
1409 1720 1576 1753 rerum
1831 1706 1895 1757 'lo

188 1786 454 1838 venimus?
493 1794 544 1837 at
571 1804 659 1836 cur
686 1804 784 1837 uon
813 1786 975 1853 potius
993 1824 1006 1848 ‚
1037 1795 1314 1852 teneroque
1344 1788 1569 1838 columbo

191 1878 242 1920 et
267 1869 441 1920 similis
468 1886 639 1936 regum
669 1870 834 1937 pueris
856 1910 866 1932 ‚
906 1888 1120 1937 pappare
1147 1871 1388 1921 minutum

190 1954 353 2022 poscis
370 1993 383 2017 ‚
418 1963 468 2004 ct
493 1955 650 2004 iratus
677 1972 916 2005 mammae
943 1955 1115 2006 lallare
1141 1957 1385 2007 recusas?

193 2036 320 2101 „An
348 2039 433 2088 tali
461 2038 684 2088 studeam
713 2040 901 2089 calamo
917 2039 983 2087 ?“
1026 2035 1122 2089 Cui
1148 2039 1338 2089 verba?
1377 2042 1490 2106 quid
1522 2042 1645 2092 istas

189 2122 407 2173 succinis
435 2121 706 2189 ambages?
757 2122 845 2172 tibi
872 2123 1087 2186 luditur3
1136 2123 1288 2173 effluis
1317 2142 1518 2189 amens3
1826 2127 1897 2179 20

190 2216 542 2259 contemnere:
587 2216 734 2258 sonat
760 2208 934 2258 vitium
962 2225 1234 2274 percussa,
1263 2209 1478 2276 maligne

189 2292 459 2360 respondet
482 2292 629 2342 viridi
658 2311 758 2342 non
786 2301 928 2343 cocta
955 2293 1117 2342 fidelia
1144 2292 1278 2343 limo.

190 2375 354 2429 Udum
383 2385 433 2427 et
458 2377 604 2428 molle
631 2377 785 2427 lutum
816 2394 868 2427 es
889 2416 902 2440 ,
934 2395 1064 2427 nunc
1084 2415 1097 2438 ⁷
1130 2395 1260 2427 nunc
1289 2378 1630 2445 properandus
1658 2387 1707 2429 et
1733 2381 1836 2430 acri

192 2462 450 2529 fingendus
478 2461 586 2511 sine
614 2463 711 2512 fine
737 2470 869 2511 rota.
912 2458 1013 2512 Sed
1039 2479 1154 2511 rure
1183 2470 1390 2528 paterno

191 2555 269 2598 est
294 2546 383 2596 tibi
412 2546 486 2595 sar
511 2547 785 2609 modicum,
819 2563 993 2614 purum
1024 2555 1074 2595 et
1100 2546 1206 2595 sinc
1234 2547 1344 2596 labe
1379 2547 1621 2610 salinum3
1828 2546 1897 2599 25

193 2631 333 2699 (quid
361 2632 613 2699 metuas?)
652 2632 934 2696 cultrixque
965 2631 1061 2680 foci
1088 2648 1264 2680 secura
1294 2631 1473 2698 patella
1501 2641 1596 2693 cst,

195 2715 288 2766 hoc
316 2715 455 2765 satis.
507 2733 569 2765 an
599 2716 772 2765 deceat
799 2715 1075 2781 pulmonem
1106 2732 1335 2782 rumpere
1363 2717 1547 2778 ventis,

193 2808 450 2850 stemmate
479 2801 605 2866 quod
632 2798 800 2850 Tusco
828 2817 1017 2849 ramum
1056 2799 1312 2850 millesime
1353 2802 1511 2862 duciS,

172 2889 455 2935 'censorem
484 2885 670 2934 fatuum
696 2885 776 2934 vcl
805 2883 932 2950 quod
962 2884 1183 2935 trabeate
1218 2886 1441 2935 salutas?

306 3038 380 3080 lll.
421 3053 464 3080 v.
502 3041 520 3081 1
556 3041 635 3080 Ιιυο
667 3054 705 3080 ι’.
777 3053 817 3080 ν.
855 3042 878 3080 ¹.)
910 3040 1083 3089 findor,
1121 3045 1172 3080 ut
1204 3041 1310 3080 Arc.
1348 3055 1386 3094 p.
1420 3054 1457 3080 c.
1523 3040 1678 3080 credas
1711 3054 1748 3094 p.
1784 3054 1823 3082 c.
1857 3053 1893 3080 r.

197 3111 239 3138 v.
276 3097 330 3139 12
360 3100 592 3149 querimur
622 3112 660 3150 p.
696 3103 745 3136 ut
771 3111 812 3136 v.
841 3098 908 3137 Μ.
972 3110 1014 3136 v.
1052 3098 1101 3138 16
1135 3102 1216 3137 aut
1238 3111 1318 3137 cm·
1342 3111 1379 3150 p.
1437 3097 1646 3149 palumbo
1680 3111 1716 3136 r.
1776 3111 1819 3137 v.
1845 3098 1900 3142 20

199 3153 380 3206 etfluz's
414 3167 452 3207 p.
534 3167 579 3194 v.
611 3155 666 3199 26
693 3154 868 3207 patella
901 3167 982 3194 om.
1015 3158 1085 3194 esc
1117 3168 1151 3194 r.
1241 3168 1284 3194 v.
1318 3155 1372 3198 29
1405 3168 1679 3195 censoremve
1701 3158 1827 3196 tuum
1860 3169 1901 3209 p.

202 3222 482 3252 ccnsoremne
517 3214 643 3252 tuam
675 3223 712 3250 c.
747 3224 784 3252 r.
853 3223 1077 3252 censorem
1095 3212 1291 3265 saluum
1321 3224 1344 3253 c
1375 3211 1485 3252 coni.
