2174 3728
299 264 366 316 34
982 260 1299 309 PERSII

303 405 501 456 exieras
519 439 532 466 ,
565 418 625 452 ne
653 417 803 450 nune.
853 397 949 448 Hic
967 436 981 461 ,
1024 399 1102 450 hic
1130 415 1273 465 quem
1301 397 1583 463 quaerimus
1601 435 1615 461 ,
1646 397 1724 449 hic
1752 408 1848 463 est,

303 506 398 539 non
425 488 478 537 in
505 488 693 538 festuca
715 522 725 544 ,
767 482 914 533 lictor
941 501 1084 549 quam
1109 483 1263 533 iactat
1287 481 1504 548 ineptus.
1889 479 1994 532 175

299 571 390 624 Jus
417 572 563 621 babet
588 571 670 620 ille
698 570 774 619 sui
801 570 941 636 palpo
961 607 974 631 ,
1006 585 1148 633 quem
1177 565 1310 615 ducit
1337 565 1551 616 hiantem

301 664 492 707 cretata
517 654 751 704 ambitio?
788 651 954 720 Vigila
982 659 1031 701 et
1057 651 1190 700 cicer
1216 650 1387 715 ingere
1414 651 1553 716 large

300 739 489 789 rixanti
516 738 692 805 populo
712 775 724 799 ,
757 745 929 787 nostra
955 743 1010 785 ut
1034 732 1254 783 Floralia
1280 733 1471 799 possint

300 823 453 889 aprici
479 820 761 871 meminisse
790 838 956 871 senes.
998 816 1128 884 Quid
1155 815 1407 884 pulcrius?
1452 815 1523 866 At
1549 835 1657 867 cum

301 905 516 956 Herodis
542 922 728 955 venere
757 905 889 966 dies,
928 911 1175 968 unctaque
1203 902 1423 951 fenestra
1891 894 1995 949 180

301 991 568 1058 dispositae
595 989 823 1056 pinguem
852 988 1079 1038 nebulam
1108 1002 1341 1035 vomuere
1368 985 1601 1033 lucernae

301 1082 556 1141 portantes
584 1074 740 1123 violas
758 1111 771 1135 ,
810 1071 1109 1136 rubrumque
1136 1070 1365 1136 amplexa
1393 1068 1606 1118 catinum

300 1158 457 1208 cauda
483 1166 621 1206 natat
643 1156 845 1214 thunni‚
886 1163 1041 1204 tumet
1066 1153 1174 1203 alba
1203 1153 1364 1202 fidelia
1388 1151 1505 1200 vino
1526 1173 1537 1200 :

300 1241 439 1292 labra
464 1258 634 1290 moves
665 1240 842 1290 tacitus
859 1278 871 1302 ,
902 1237 1212 1302 recutitaque
1240 1235 1443 1285 sabbata
1470 1236 1643 1301 palles.

298 1325 442 1376 Tunc
469 1325 599 1391 nigri
625 1325 839 1374 lemures
868 1337 1060 1387 ovoque
1087 1319 1307 1387 pericula
1336 1326 1503 1385 rupto,
1891 1315 1993 1367 185

301 1420 418 1460 tunc
446 1409 657 1475 grandes
687 1406 818 1457 Galli
845 1416 895 1457 et
921 1421 1030 1455 cum
1057 1404 1205 1453 sistro
1232 1403 1370 1452 lusca
1395 1402 1628 1452 sacerdos

299 1494 558 1544 incussere
585 1493 702 1542 deos
729 1491 958 1541 inflantes
987 1504 1197 1554 corpora
1215 1525 1227 1549 ,
1262 1486 1302 1535 si
1331 1504 1429 1536 non

299 1577 602 1645 praedictum
630 1584 708 1625 ter
733 1590 875 1623 mane
904 1580 1050 1639 caput
1076 1570 1357 1637 gustaveris
1386 1570 1487 1621 alli.

438 1658 646 1710 Dixeris
674 1659 795 1708 haec
821 1656 953 1706 inter
977 1655 1234 1706 varicosos
1264 1650 1619 1713 Centuriones,

299 1743 532 1794 continuo
561 1759 785 1793 crassum
808 1740 938 1790 ridet
961 1737 1226 1791 Vulfenius
1253 1737 1451 1803 ingens,
1892 1733 1994 1786 190

299 1838 349 1879 et
375 1836 571 1879 centum
599 1824 822 1877 Graecos
851 1832 992 1875 curto
1021 1831 1253 1873 centusse
1279 1822 1476 1872 licetur.

822 2098 1265 2159 SATIRA
1343 2095 1452 2154 VI.

294 2213 533 2266 Admovit
555 2212 653 2262 iam
677 2209 851 2260 bruma
877 2210 986 2259 foco
1013 2217 1063 2259 te
1081 2246 1093 2270 ,
1125 2206 1315 2270 Basse,
1347 2203 1571 2256 Sabino?

294 2302 456 2350 iamne
482 2299 592 2365 lyra
617 2304 666 2346 et
693 2295 868 2344 tetrico
894 2294 1067 2342 vivunt
1094 2293 1179 2342 tibi
1208 2292 1401 2359 pectine
1429 2291 1676 2343 chordae?

294 2385 416 2435 mire
444 2382 612 2449 opifex
629 2419 642 2443 ,
674 2378 891 2429 numeris
917 2385 1143 2427 veterum
1163 2415 1175 2439 ,
1217 2376 1483 2442 primordia
1509 2393 1677 2426 rerum
1739 2370 1742 2373 ’

295 2476 440 2533 atque
467 2481 652 2515 marem
679 2462 938 2529 strepitum
964 2461 1070 2511 fidis
1097 2460 1373 2510 intendisse
1399 2457 1634 2522 Latinae,

293 2569 415 2600 mox
438 2549 644 2598 iuvenes
673 2546 863 2613 agitare
890 2545 1013 2595 iocis
1043 2553 1092 2595 et
1118 2543 1293 2611 pollice
1321 2544 1529 2593 honesto
1949 2541 1981 2594 5

292 2633 524 2701 egregius
550 2630 730 2681 lusisse
759 2645 924 2679 senes.
977 2626 1106 2678 Mihi
1132 2645 1262 2677 nunc
1289 2625 1449 2694 Ligus
1478 2644 1567 2677 ora

290 2719 507 2785 intepet,
545 2715 868 2778 hibernatque
894 2730 1056 2763 meum
1083 2729 1217 2761 mare
1237 2750 1250 2774 ,
1281 2729 1375 2778 qua
1400 2712 1529 2762 latus
1556 2711 1732 2777 ingens

291 2803 408 2853 dant
434 2799 650 2866 scopuli,
690 2805 740 2847 et
764 2797 917 2846 multa
942 2796 1056 2846 litus
1085 2812 1138 2845 se
1166 2796 1292 2845 valle
1318 2804 1560 2862 receptat.

287 2883 468 2935 Lunai
477 2890 716 2951 portum,
758 2887 838 2929 est
868 2897 1090 2947 operae,
1133 2881 1458 2946 cognoscite,
1501 2881 1671 2930 cives!

289 2965 394 3020 Cor
417 2966 556 3017 iubet
580 2965 672 3015 hoc
697 2961 865 3025 Enni,
909 2972 1168 3031 postquam
1196 2963 1459 3012 destertuit
1485 2980 1597 3013 esse
1910 2959 1979 3013 10

285 3108 327 3135 ν.
355 3095 434 3136 174
463 3106 540 3132 nee
573 3104 687 3131 nunc
716 3103 757 3143 p.
789 3102 827 3130 c.
925 3101 970 3129 v.
997 3088 1076 3131 176
1108 3089 1232 3130 tollit
1263 3091 1408 3130 hiant.
1445 3103 1485 3143 p.
1576 3103 1618 3130 v.
1659 3089 1738 3132 186
1769 3089 1870 3130 hinc
1895 3102 1972 3143 gr.

287 3165 327 3205 p.
352 3164 386 3190 c.
413 3163 452 3189 r.
542 3161 585 3188 ν.
612 3147 691 3188 190
712 3146 887 3199 Puffen.
912 3158 951 3198 p.

397 3205 471 3246 VI.
506 3218 547 3243 v.
573 3205 595 3245 5
619 3207 737 3245 iocos
760 3217 798 3256 p.
822 3215 857 3242 c.
884 3215 919 3241 r.
954 3204 1062 3241 iocis
1083 3215 1105 3242 e
1128 3203 1242 3243 coni.
1310 3215 1355 3243 v.
1381 3203 1405 3244 6
1427 3205 1632 3257 egregios
1654 3217 1694 3256 p.
1719 3215 1757 3242 c.
1781 3214 1819 3242 r.
1880 3214 1922 3242 v·
1948 3202 1974 3242 9

287 3264 337 3305 L.
356 3264 553 3314 pretium
577 3273 618 3313 p.
681 3271 941 3311 cognoscere
962 3271 1002 3311 p.
1028 3271 1065 3298 e.
1091 3272 1125 3299 r.
