2174 3728
279 234 350 287 26
967 232 1281 283 PERSII

277 371 447 435 HeuS‚
487 371 614 422 bone
634 409 648 434 ‚
688 380 741 422 tu
768 371 948 439 palles!
1007 370 1193 434 „Nihil
1219 376 1361 421 est.“
1401 369 1588 423 Videas
1615 381 1780 423 tamen
1812 373 1960 434 istud,

278 456 506 523 quicquid
531 455 578 505 id
605 464 710 505 est:
753 455 914 522 surgit
938 455 1087 504 tacite
1114 454 1202 505 tibi
1228 454 1362 504 lutea
1387 455 1548 522 pellis.
1896 453 1964 507 95

279 540 395 604 „At
420 549 472 590 tu
500 539 715 589 deterius
742 540 925 606 palles3
968 556 1030 589 ne
1057 539 1125 589 sis
1152 538 1269 587 mihi
1296 547 1459 601 tutor3

279 625 419 688 „iam
447 623 633 691 pridem
660 623 789 677 hunc
815 622 996 689 sepeli:
1038 632 1092 672 tu
1115 627 1347 673 restas.“
1388 619 1550 689 Perge
1569 660 1583 685 ‚
1625 622 1819 674 tacebo·

273 708 523 775 Turgidus
553 708 629 758 hic
657 707 812 774 epulis
839 714 986 772 atque
1012 707 1123 757 albo
1150 715 1325 757 ventre
1352 706 1568 768 lavatur,

273 802 474 861 gutture
501 793 745 842 sulfureas
773 792 958 841 lentum
985 791 1251 841 exhalante
1283 789 1544 857 mephites,

275 875 376 929 Sed
402 886 590 927 tremor
613 877 745 929 inter
768 875 886 925 vina
912 874 1071 936 subit,
1114 875 1418 940 calidumque
1446 873 1648 923 triental
1864 870 1966 923 100

276 961 470 1012 excutit
499 978 524 1011 e
551 960 775 1012 manibus
793 997 807 1018 ‚
849 959 1021 1008 dentes
1050 974 1288 1024 crepuere
1315 958 1512 1019 retecti,

275 1054 427 1096 uncta
454 1046 634 1095 cadunt
658 1043 788 1094 laxis
816 1051 933 1092 tunc
960 1041 1288 1108 pulmentaria
1316 1042 1488 1092 labris.

275 1127 407 1179 Hinc
434 1129 549 1179 tuba
568 1167 581 1190 ‚
625 1127 860 1178 candelae
879 1164 892 1188 ‚
934 1126 1229 1192 tandemque
1256 1126 1483 1177 beatulus
1511 1127 1609 1177 alto

276 1213 576 1281 compositus
603 1213 734 1262 lecto
763 1210 1043 1275 crassisque
1069 1210 1253 1258 lutatus
1282 1210 1487 1259 amomis

273 1299 327 1349 in
353 1306 543 1365 portam
570 1295 756 1362 rigidos
785 1294 946 1343 calces
975 1292 1233 1343 extendit:
1275 1302 1326 1343 at
1351 1293 1487 1343 illum
1873 1289 1971 1342 105

276 1381 501 1433 hesterni
529 1380 687 1447 capite
713 1379 884 1429 induto
913 1377 1111 1427 subiere
1140 1373 1382 1442 Quirites.

415 1463 588 1530 Tange
607 1502 620 1526 ,
662 1464 843 1525 miser,
882 1478 1038 1512 venas
1066 1470 1115 1511 et
1141 1478 1267 1527 pone
1294 1462 1344 1511 in
1373 1469 1574 1528 pectore
1602 1461 1850 1521 dextram,

281 1549 395 1612 „nil
421 1549 550 1599 calet
576 1548 732 1611 hic;“
774 1563 1089 1612 summosque
1116 1546 1264 1612 pedes
1293 1545 1481 1611 attinge
1507 1561 1801 1610 manusque,

278 1651 424 1696 „non
450 1632 700 1698 frigent.“
728 1662 800 1669 ——-
824 1630 948 1683 Visa
977 1639 1053 1681 est
1079 1631 1121 1680 si
1150 1631 1275 1680 forte
1307 1630 1546 1697 pecunia,
1590 1629 1696 1680 sive

277 1717 483 1768 candida
510 1715 661 1766 vicini
687 1715 892 1765 subrisit
916 1715 1063 1764 molle
1099 1715 1279 1780 puella,
1872 1709 1975 1762 110

277 1819 363 1852 cor
388 1800 477 1850 tibi
501 1800 598 1850 rite
625 1799 773 1849 salit?
809 1796 1035 1848 Positum
1064 1806 1141 1848 est
1167 1798 1363 1863 algente
1391 1797 1555 1846 catino

278 1887 452 1936 durum
480 1885 617 1946 olus,
659 1891 709 1933 et
735 1883 899 1950 populi
926 1882 1088 1932 cribro
1117 1882 1327 1931 decussa
1355 1882 1533 1943 farina,

281 1978 530 2021 tentemus
559 1969 726 2018 fauces
749 1969 759 2016 1
807 1976 981 2016 tenero
1009 1967 1131 2016 latet
1156 1966 1296 2015 ulcus
1324 1965 1376 2014 in
1404 1981 1490 2014 ore

277 2062 450 2122 putre,
494 2053 620 2118 quod
649 2051 775 2101 haud
802 2052 978 2101 deceat
1003 2050 1194 2117 plebeia
1218 2049 1395 2099 radere
1421 2047 1554 2097 beta.

276 2137 433 2204 Alges
453 2177 465 2199 ‚
509 2155 617 2186 cum
646 2135 870 2186 excussit
895 2134 1127 2184 membris
1155 2133 1304 2182 timor
1330 2132 1468 2181 albus
1496 2131 1711 2195 aristas3
1873 2129 1974 2181 115

279 2240 411 2273 nunc
439 2222 546 2271 face
573 2219 828 2286 supposita
853 2218 1089 2267 fervescit
1114 2216 1350 2283 sanguis,
1395 2223 1444 2264 et
1479 2215 1556 2265 ira

279 2306 553 2358 scintillant
579 2304 738 2365 oculi,
783 2302 1000 2368 dicisque
1030 2301 1248 2366 facisque
1267 2338 1279 2362 ,
1323 2301 1450 2366 quod
1477 2299 1582 2366 ipse

281 2408 381 2441 non
408 2389 516 2440 sani
543 2406 654 2439 esse
681 2387 891 2438 hominis
920 2404 1020 2437 non
1047 2402 1198 2435 sanus
1225 2384 1357 2434 iuret
1384 2381 1615 2435 Orestes.

810 2661 1253 2720 SATIRA
1333 2659 1441 2715 lv.

282 2776 408 2829 Rem
438 2775 601 2844 populi
628 2773 849 2823 tractas?
889 2772 1171 2834 (barbatum
1204 2771 1322 2820 haec
1353 2770 1497 2819 crede
1525 2767 1813 2836 magistrum

286 2862 472 2923 dicere,
503 2858 709 2910 sorbitio
738 2857 866 2907 tollit
893 2873 1034 2922 quem
1063 2857 1167 2906 dira
1190 2854 1429 2921 cicutae‚)

284 2964 378 3012 quo
408 2946 596 3006 fretus,
639 2942 744 3003 dic,
785 2959 812 2990 o
841 2940 1005 3007 magni
1033 2940 1209 3007 pupille
1238 2937 1440 2989 Pericli.

283 3027 491 3082 Scilicet
514 3027 766 3094 ingenium
795 3033 845 3076 et
869 3042 1036 3075 rerum
1063 3024 1325 3091 prudentia
1350 3021 1505 3073 velox

286 3208 330 3236 v.
364 3194 416 3236 99
448 3193 562 3233 lente
592 3205 634 3246 p.
667 3205 704 3232 c.
739 3204 775 3232 r.
839 3190 1007 3231 lentum
1037 3201 1061 3230 e
1091 3187 1204 3228 coni.

401 3249 473 3292 lV.
510 3262 552 3290 v.
579 3249 604 3291 3
637 3248 709 3289 dic
732 3249 811 3289 hoc
832 3260 869 3301 p.
897 3259 934 3287 c.
959 3259 997 3287 r.
