2174 3728
321 247 385 297 ‘16
968 247 999 292 P
1039 247 1074 292 E
1114 247 1151 293 R
1193 247 1222 293 S
1266 246 1282 292 l
1322 247 1338 293 1

867 429 1307 488 SATIRA
1402 430 1451 485 Ι.

318 543 362 592 0
385 560 541 592 curas
565 541 818 591 homimem
839 545 857 590 !
896 558 923 590 o
954 546 1246 607 quantumst
1269 540 1322 587 in
1348 537 1499 588 rebus
1524 539 1676 588 inane
1693 543 1711 587 !

319 623 488 691 „Quis
528 625 660 690 leget
684 624 805 674 haec
821 625 886 672 ‘3⁶‘
925 622 1050 673 Min'
1079 632 1131 672 tu
1167 622 1297 672 istud
1325 621 1432 670 ais?
1483 619 1691 684 „Nemo
1718 621 1942 671 hercule!
1966 629 2000 650 “

1480 703 1679 754 Nemo?

320 792 459 857 „Vel
487 793 580 841 duo
600 829 612 853 ‚
646 791 727 841 vel
753 808 928 853 nemo3
970 798 1112 856 turpe
1142 798 1191 839 et
1215 787 1527 838 miserabile!
1553 794 1588 818 ‘⁴
1634 786 1838 853 Quare?

317 894 410 927 nae
436 876 553 925 mihi
579 873 876 942 Pulydamas
906 883 955 925 et
978 872 1220 923 Troiades
1249 870 1538 922 Labeonem

314 959 668 1027 praetulerint:
712 974 892 1025 nugae.
934 975 1032 1006 non
1049 994 1062 1019 ‚
1105 955 1148 1005 si
1175 955 1287 1021 quid
1313 956 1509 1005 turbida
1534 954 1693 1005 Roma

316 1046 476 1095 elevet
493 1082 507 1106 ‚
550 1043 759 1093 accedas
778 1080 791 1105 ‚
833 1057 1109 1109 examenve
1136 1039 1410 1106 improbum
1437 1040 1488 1089 in
1514 1040 1598 1090 illa
1734 1060 1765 1063 ‘⁷
1803 1054 1842 1069 ‘
1893 1063 1902 1069 ·

315 1128 530 1194 castiges
557 1127 775 1188 trutina3
818 1143 909 1175 nec
945 1133 994 1174 te
1035 1123 1340 1190 quaesiveris
1370 1123 1547 1173 extra!

314 1225 427 1263 nam
453 1210 644 1261 Romae
672 1210 779 1275 quis
807 1226 907 1258 non
937 1246 948 1258 .
973 1247 984 1258 .
1009 1210 1059 1258 ,ἲ
1097 1216 1174 1269 at,
1214 1207 1256 1256 si
1284 1209 1355 1256 fas
1384 1207 1548 1257 dicere
1580 1245 1591 1257 .
1613 1245 1623 1256 .
1648 1207 1689 1255 .!
1732 1204 1829 1256 Sed
1860 1208 1930 1255 fas

313 1304 431 1345 tunc
450 1333 463 1357 ,
509 1312 618 1343 cum
644 1295 703 1343 ad
731 1292 961 1343 canitiem
988 1301 1038 1342 et
1063 1299 1288 1341 nostrum
1313 1291 1446 1340 istud
1471 1291 1644 1341 vivere
1674 1291 1815 1340 triste'

313 1379 517 1447 aspexi,
549 1395 606 1428 ac
633 1376 839 1427 nucibus
867 1375 1072 1426 facimus
1101 1391 1419 1441 quaecunque
1446 1375 1654 1437 relictis,
1939 1370 2004 1421 Ῑϋ

315 1481 424 1514 cum
452 1462 665 1529 sapimus
694 1469 929 1528 patruos3
970 1467 1087 1508 tunc
1106 1495 1120 1522 ‚
1162 1468 1280 1508 tunc
1307 1458 1568 1524 ignoscite.
1618 1456 1780 1509 Nolo:

315 1547 453 1614 (quid
480 1545 653 1595 faciam
669 1546 715 1611 2²)
753 1545 840 1595 sed
867 1561 972 1593 sum
1001 1543 1239 1610 petulanti
1266 1543 1435 1609 splene
1464 1542 1723 1592 cachinno.

456 1626 728 1679 Scribimus
750 1666 763 1690 ,
801 1627 1020 1676 inclusus
1049 1643 1281 1676 numeros
1308 1626 1420 1688 ille,
1464 1626 1539 1675 hic
1566 1627 1686 1693 pede
1713 1627 1856 1689 liber,

313 1715 499 1782 grande
526 1713 707 1778 aliquid
724 1749 739 1774 ‚
779 1711 905 1777 quod
931 1711 1092 1777 pulmo
1120 1710 1310 1760 animae
1337 1711 1625 1776 praelargus
1653 1713 1869 1762 anhelet.

313 1797 517 1849 Scilicet
542 1797 663 1846 haec
690 1795 867 1863 populo
885 1832 899 1857 ‚
929 1810 1186 1861 pexusque
1212 1801 1426 1858 togaque
1452 1796 1641 1844 receuti
1939 1794 1999 1844 15

311 1891 362 1933 et
387 1880 611 1932 natalitia
638 1880 831 1929 tandem
859 1896 967 1929 cum
996 1877 1306 1944 sardonyche
1333 1877 1494 1940 albus,

311 1967 428 2017 sede
454 1966 587 2031 leget
613 1965 745 2014 celsa
764 2001 776 2025 ,
818 1961 999 2029 liquido
1028 1979 1136 2011 cum
1164 1962 1401 2029 plasmate
1429 1971 1600 2028 guttur

309 2050 489 2101 mobile
517 2048 745 2098 colluerit
768 2046 984 2115 patranti
1012 2047 1197 2095 fractus
1226 2046 1401 2096 ocello.

310 2134 407 2184 Hic
434 2149 593 2198 neque
620 2148 757 2182 more
783 2130 936 2198 probo
964 2129 1132 2180 videas
1161 2146 1252 2179 nec
1277 2146 1402 2179 voce
1430 2147 1608 2180 serena

308 2217 525 2284 ingentis
552 2215 800 2282 trepidare
825 2212 996 2275 Titos,
1035 2230 1143 2263 cum
1171 2213 1392 2263 carmina
1416 2213 1630 2263 lumbum
1931 2212 2000 2264 20

308 2302 523 2362 intrant,
569 2306 619 2348 et
643 2298 853 2348 tremulo
882 2297 1170 2364 scalpuntur
1194 2305 1249 2346 ut
1273 2297 1447 2347 intima
1470 2314 1641 2347 versu.

305 2384 456 2446 Tun',
485 2383 682 2444 vetule,
724 2380 957 2431 auriculis
985 2380 1159 2430 alienis
1188 2380 1378 2446 colligis
1407 2380 1585 2430 escas?

306 2468 543 2522 auriculis
563 2504 576 2528 ‚
606 2465 779 2532 quibus
809 2473 859 2515 et
884 2464 1018 2514 dicas
1047 2472 1157 2514 cute
1184 2464 1404 2531 perditus
1423 2499 1436 2526 ‚
1476 2463 1598 2513 ohe!
1631 2494 1700 2499 —

310 2551 468 2619 „Quo
497 2549 726 2600 didicisse
744 2587 757 2611 ,
788 2548 1002 2630 nisifilgoc
1030 2548 1323 2598 fermentum
1350 2556 1400 2598 et
1426 2564 1549 2614 quae
1577 2547 1730 2597 semel
1755 2546 1888 2596 intus

306 2638 525 2702 „innata
552 2642 656 2696 est,
689 2640 834 2699 rupto
860 2621 1058 2694 iecore}
1090 2632 1273 2682 exierit
1299 2632 1592 2699 caprificus?
1925 2630 1992 2681 :25

310 2721 468 2786 „hinc
494 2719 652 2786 pallor
669 2754 682 2780 ‚
714 2716 1001 2781 seniumque
1021 2716 1082 2764 !“
1110 2746 1180 2752 --
1207 2713 1251 2767 Ο
1279 2716 1474 2766 mores!
1517 2731 1674 2781 usque
1701 2713 1888 2764 adeone

307 2806 437 2857 scire
463 2812 600 2853 tuum
626 2800 748 2850 nihil
774 2807 850 2850 est
867 2837 881 2861 ‚
912 2798 1008 2848 nisi
1035 2807 1083 2849 te
1110 2799 1239 2850 scire
1266 2800 1358 2850 hoc
1386 2800 1513 2850 sciat
1537 2798 1698 2848 alter?

1971 953 2001 1003 ω(

421 2974 464 3001 ν.
491 2960 510 3001 1
537 2960 757 3011 quantum
779 2959 846 2995 est
876 2968 915 3009 p.
941 2969 979 2996 c.
1004 2969 1041 2996 r.
1124 2969 1168 2997 v.
1191 2958 1219 2998 4
1239 2971 1290 2996 ne
1314 2969 1352 3009 p.
1377 2969 1414 2995 c.
1440 2967 1477 2994 r.
1546 2951 1704 3006 Polyd.
1730 2964 1768 3005 p.
1794 2964 1832 2991 c.
1891 2964 1935 2991 v.
1965 2952 1993 2992 8

306 3019 470 3060 Romae
499 3020 568 3055 est
589 3028 632 3066 q.
656 3026 695 3066 p.
721 3026 760 3052 c.
784 3026 821 3052 r.
901 3025 953 3051 ac
973 3015 1014 3052 εί
1040 3026 1079 3066 p.
1104 3026 1142 3053 c.
1222 3015 1280 3053 αΙι
1302 3015 1399 3051 sir.
1482 3022 1524 3049 ν.
1554 3010 1603 3050 10
1635 3013 1679 3048 et
1699 3021 1799 3048 nuc.
1825 3020 1863 3060 p.
1887 3020 1926 3047 c.
1951 3020 1987 3047 r.

304 3089 347 3115 v.
374 3075 424 3116 13
446 3071 612 3113 inclusi
640 3083 680 3122 p.
705 3082 741 3108 c.
766 3081 803 3109 r.
863 3068 1061 3108 inclusus
1092 3082 1114 3109 e
1145 3071 1257 3109 coni.
1285 3067 1439 3110 Markl.
1471 3066 1523 3106 ad
1557 3065 1668 3105 Stat.
1692 3063 1799 3104 Silv.
1825 3077 1865 3117 p.
1889 3064 1990 3106 219.

307 3145 349 3172 ν.
375 3130 427 3172 17
464 3130 609 3181 legens
639 3139 680 3178 p.
762 3125 878 3177 leges
908 3137 945 3165 c.
979 3138 1015 3165 r.
1107 3138 1148 3165 ν.
1183 3126 1234 3167 18
1266 3125 1489 3166 conlueris
1520 3135 1559 3174 p.
1592 3134 1628 3161 c.
1710 3120 1917 3160 collueris
1950 3132 1986 3159 r.

308 3201 350 3228 ν.
378 3187 426 3228 19
461 3190 566 3225 tunc
587 3196 631 3223 n.
656 3195 698 3236 p.
777 3193 916 3232 neque
942 3192 1046 3222 voce
1077 3194 1117 3235 p.
1142 3195 1180 3222 c.
1207 3195 1243 3222 r.
1322 3194 1366 3221 v.
1388 3180 1439 3224 21
1472 3180 1549 3218 ubi
1575 3180 1660 3217 int.
1694 3189 1734 3229 p.
1757 3189 1797 3215 c.
1821 3189 1858 3215 r.
1938 3179 1992 3215 ut

306 3244 435 3284 editio
456 3254 492 3282 s.
515 3241 544 3280 l.
575 3252 614 3279 e.
639 3251 677 3278 a.
740 3249 782 3276 v.
807 3237 861 3280 26
883 3249 937 3276 en
951 3237 1063 3290 pall.
1086 3251 1124 3291 p.
1151 3251 1188 3278 c.
1212 3252 1246 3278 r.
1310 3238 1413 3277 hinc
1433 3249 1455 3277 c
1476 3235 1586 3275 coni.
1610 3231 1816 3274 Beroaldi.
