2174 3728
276 242 345 295 28
962 199 1306 292 PERSII·

277 381 398 445 „Tu
425 400 533 432 cum
560 381 775 432 maxillis
802 381 1084 431 balanatum
1111 398 1326 448 gausape
1352 390 1541 448 pectaS,

277 466 604 533 „inguinibus
633 482 784 530 quare
810 466 1045 515 detonsus
1074 464 1301 532 gurgulio
1340 467 1513 514 extat?

277 550 536 616 „quinque
564 549 882 615 palaestritae
909 548 1027 598 licet
1052 549 1172 598 haec
1201 549 1443 614 plantaria
1468 549 1675 608 vellant,

276 634 579 698 „elixasque
607 640 747 681 nates
774 631 1074 685 labefactent
1100 632 1286 698 forcipe
1312 632 1521 694 adunca,
1896 629 1966 680 40

276 734 420 779 „non
446 725 612 767 tamen
637 716 734 765 ista
759 715 866 765 filix
891 715 991 764 ullo
1018 715 1321 764 mansuescit
1346 719 1581 765 aratro.“

415 795 680 849 Caedimus
698 837 711 861 ‚
749 798 898 864 inque
922 798 1084 849 vicem
1110 798 1404 866 praebemus
1434 814 1577 848 crura
1605 797 1821 863 sagittiS.

270 881 475 934 Vivitur
501 882 592 932 hoc
620 891 794 949 pacto3
837 881 908 931 sic
937 882 1194 933 novimus!
1239 880 1332 931 Ilia
1358 881 1530 930 subter

272 984 472 1018 caecum
498 967 678 1016 vulnus
707 966 888 1016 habes:
917 966 1019 1016 'sed
1044 966 1143 1015 lato
1170 966 1362 1015 balteus
1391 981 1513 1014 auro

270 1051 545 1120 praetegit:
590 1058 645 1099 ut
669 1050 852 1112 mavis,
897 1049 957 1098 da
981 1049 1137 1099 verba
1164 1057 1214 1099 et
1240 1048 1409 1114 decipe
1437 1064 1640 1110 nervos,
1897 1045 1964 1097 45

270 1135 314 1185 si
341 1143 502 1202 potes.
547 1131 865 1200 „Egregium
893 1149 1003 1182 eum
1029 1149 1105 1182 me
1131 1132 1315 1181 vicinia
1343 1131 1491 1192 dicat,

271 1236 418 1280 „non
446 1217 674 1267 credam?
695 1222 730 1246 ‘⁴
771 1215 897 1267 Viso
926 1215 968 1266 si
996 1215 1148 1281 palles
1175 1214 1395 1281 improbe
1423 1231 1641 1276 nummo,

267 1293 313 1352 si
340 1302 460 1351 facis
488 1302 539 1351 in
566 1317 742 1368 penem
770 1298 1000 1366 quicquid
1026 1297 1113 1348 tihi
1138 1298 1278 1347 venit
1304 1314 1547 1359 amarum,

268 1386 312 1438 si
337 1384 514 1436 Puteal
543 1384 693 1436 multa
719 1392 893 1434 cautus
918 1381 1081 1433 vibice
1109 1381 1358 1447 flagellas:

269 1470 595 1536 nequicquam
622 1469 800 1536 populo
826 1466 1017 1517 bibulas
1046 1464 1308 1516 donaveris
1342 1481 1509 1515 aures,
1897 1462 1967 1514 50

267 1552 470 1620 Respue
489 1591 501 1615 ‚
544 1553 672 1619 quod
700 1569 799 1601 non
826 1568 911 1614 es3
954 1550 1096 1599 tollat
1122 1566 1212 1599 sua
1236 1566 1445 1598 munera
1472 1547 1650 1610 cerd03

268 1647 430 1689 tecum
457 1636 624 1687 habita
641 1674 654 1700 ,
697 1635 832 1686 noris
850 1673 863 1697 ,
907 1651 1051 1702 quam
1078 1634 1144 1684 sit
1169 1633 1258 1683 tibi
1286 1640 1426 1682 curta
1453 1631 1698 1699 supellex.

822 1934 1268 1994 SATIRA
1340 1933 1419 1988 V.

406 2075 618 2128 Vatibus
646 2075 724 2125 hic
751 2091 858 2123 mos
886 2082 992 2136 est,
1036 2081 1232 2123 centum
1260 2071 1354 2121 sibi
1380 2086 1586 2138 poscere
1613 2088 1785 2134 voces,

267 2171 463 2213 centum
490 2178 579 2211 ora
604 2168 654 2210 et
678 2159 872 2224 linguas
901 2167 1072 2225 optare
1099 2155 1151 2206 in
1179 2155 1398 2206 carmina
1433 2162 1647 2215 centum,

268 2247 433 2297 fabula
459 2262 548 2296 seu
574 2250 765 2293 moesto
793 2249 1005 2308 ponatur
1032 2241 1210 2290 hianda
1239 2239 1496 2306 tragoedo,

264 2332 471 2382 vulnera
499 2345 587 2379 seu
611 2324 785 2377 Parthi
812 2325 1036 2375 ducentis
1065 2324 1122 2374 ab
1150 2324 1352 2390 inguine
1380 2324 1585 2373 ferrum.
1618 2353 1688 2360 ——-

409 2409 707 2478 „Quorsum
735 2410 891 2459 haec?
929 2418 1014 2459 aut
1041 2417 1248 2474 quantas
1277 2407 1471 2457 robusti
1499 2406 1731 2457 carminis
1760 2407 1881 2457 offas
1931 2407 1963 2457 5

269 2497 532 2565 „ingeris,
573 2503 629 2545 ut
654 2511 742 2561 par
768 2493 834 2543 sit
861 2503 1071 2544 centeno
1100 2500 1301 2559 gutture
1329 2491 1453 2540 niti?

270 2580 516 2646 „Grande
543 2578 755 2631 locuturi
783 2578 987 2628 nebulas
1016 2575 1257 2626 Helicone
1284 2576 1508 2641 legunto,

270 2667 356 2731 „si
383 2665 557 2732 quibus
586 2671 671 2714 aut
694 2659 921 2728 Prognes
941 2700 953 2724 ‚
997 2669 1081 2711 aut
1113 2660 1155 2710 si
1183 2659 1355 2726 quibus
1385 2659 1481 2708 olla
1505 2657 1759 2726 Thyestae

271 2749 555 2815 „fervebit‚
597 2764 746 2813 saepe
771 2746 960 2795 insulso
996 2744 1250 2795 coenanda
1277 2740 1509 2810 Glyconi.

270 2834 392 2898 „Tu
418 2848 578 2899 neque
605 2829 890 2891 anhelanti,
934 2829 1162 2895 coquitur
1189 2828 1300 2877 dum
1326 2844 1491 2877 massa
1519 2826 1729 2888 camino,
1898 2825 1964 2876 10

271 2919 430 2981 „folle
458 2915 638 2984 premis
664 2921 842 2964 ventos
862 2951 875 2975 ‚
918 2930 1009 2963 nec
1037 2913 1204 2962 clauso
1232 2928 1482 2961 murmure
1508 2927 1687 2960 raucus

272 3001 486 3065 „nescio
515 2999 629 3066 quid
654 3006 815 3048 tecum
843 3013 996 3064 grave
1024 2995 1296 3046 cornicaris
1324 2995 1509 3060 inepte,

273 3104 409 3150 „nec
436 3085 626 3152 stloppo
653 3082 864 3133 tumidas
890 3079 1104 3131 intendis
1132 3095 1362 3148 rumpere
1387 3078 1598 3128 buccas:

272 3264 315 3291 v.
352 3253 406 3295 52
439 3255 483 3292 et
515 3263 611 3291 nor.
647 3262 683 3289 r.
