2174 3728
309 249 379 302 48
786 253 935 303 VITA
958 253 1018 302 A.
1047 252 1247 303 PERSII
1270 254 1513 304 FLACCI.

305 389 497 442 Verum
537 386 818 453 Cornutus,
861 392 1065 442 sublatis
1101 393 1271 454 libris,
1313 393 1569 459 pecuniam
1609 392 1771 443 sorori
1811 400 1861 443 et
1895 408 1998 442 ma-

307 461 401 523 tri,
448 468 466 494 1
517 478 636 526 quas
688 461 894 512 heredes
946 464 1165 525 fec-erat,
1220 463 1436 528 reliquit.
1512 461 1581 511 Et
1615 480 1729 512 raro
1770 471 1819 513 et
1858 462 1998 512 tarde

305 531 524 597 scripsit.
568 529 714 580 Hunc
740 531 898 598 ipsum
926 532 1100 582 librum
1127 533 1466 600 imperfectum
1494 533 1711 598 reliquit.
1732 539 1752 564 2
1801 531 1996 583 Versus

306 601 456 667 aliqui
484 601 632 651 demti
671 609 788 650 sunt
814 602 871 650 de
891 607 910 634 3
935 603 1105 652 ultimo
1145 604 1269 653 libro
1291 641 1304 663 ,
1347 610 1438 651 ut*
1465 602 1603 667 quasi
1648 603 1811 652 finitus
1841 610 1995 652 esset.

304 668 517 721 Leviter
560 672 853 720 retractavit
882 677 900 704 ⁵
939 668 1193 723 Cornutus
1245 681 1294 722 et
1345 669 1527 721 Caesio
1578 670 1738 722 Basso
1788 671 1994 738 petenti,

305 749 362 790 ut
396 740 500 807 ipse
539 741 736 800 ederet,
791 742 989 791 tradidit
1030 744 1288 793 edendum.
1345 739 1628 809 Scripserat
1666 742 1812 792 etiam
1855 740 1999 791 Flac-

306 827 394 860 cus
465 811 518 860 in
590 811 802 878 pueritia
874 821 1185 880 praetextam
1257 810 1435 862 Restio
1492 817 1512 845 ⁶
1586 821 1636 862 et
1720 808 1996 881 ὁδοιπορι-

421 1033 440 1074 1
476 1034 540 1074 Ita
573 1033 768 1074 restituit
800 1032 1003 1086 Reizius,
1040 1047 1131 1074 cum
1169 1033 1294 1086 vulgo
1317 1039 1511 1088 corrupte
1532 1035 1749 1086 legeretur
1764 1037 1998 1086 pecuniam

303 1092 550 1186 gzsgciz'tbus.
604 1090 715 1131 Idem
747 1104 791 1131 ν.
812 1093 1002 1144 frater,
1036 1091 1145 1145 quod
1180 1103 1277 1132 ante
1310 1105 1355 1133 v,
1391 1092 1574 1132 heredes
1605 1093 1850 1143 tegebatur,
1883 1096 1998 1130 recte

418 1218 445 1256 2
475 1215 538 1256 Cf.
574 1217 694 1258 Suet.
729 1217 852 1258 Caes,
879 1220 958 1259 56:
995 1219 1080 1270 Qui
1110 1222 1249 1258 etiam
1283 1221 1569 1258 novissimum
1603 1218 1998 1270 imperfectumque

303 1271 467 1312 librum
489 1275 776 1326 suppleverit.
823 1275 883 1314 ld.
923 1276 971 1314 de
1004 1288 1177 1324 gramm.
1207 1276 1282 1315 12:
1319 1275 1530 1321 Librum,
1565 1287 1691 1326 quem
1714 1274 1836 1313 Sulla
1857 1276 1998 1314 novis-

304 1331 462 1368 simum
495 1330 544 1369 de
577 1334 705 1370 rebus
728 1335 820 1370 suis
841 1332 1151 1384 impetsectam
1175 1332 1442 1383 reliquerat,
1478 1335 1569 1384 ipse
1591 1331 1823 1383 supplevit.

419 1399 442 1439 3
474 1401 539 1440 De
565 1402 691 1449 Bon„
726 1403 852 1452 vulgo
877 1405 939 1441 in.

414 1471 441 1509 4
478 1469 532 1511 Ut
559 1474 805 1511 restitutum
829 1478 921 1519 est,
957 1485 1049 1511 cum
1073 1472 1192 1511 codd.
1219 1476 1262 1511 et
1283 1471 1482 1511 habeant.

418 1542 439 1580 5
474 1539 590 1591 Quod
613 1542 739 1593 vulgo
766 1544 922 1592 legitur
944 1545 1180 1591 recitavit,
1233 1543 1272 1581 id
1301 1545 1358 1581 ita
1382 1543 1475 1594 quis
1507 1541 1728 1588 defendat,
1763 1546 1810 1580 ut
1833 1553 1886 1580 ex
1917 1553 1994 1580 usu

302 1597 477 1648 quodam
513 1606 736 1650 corruptae
775 1599 1022 1637 Latinitatis
1052 1599 1221 1637 venisse
1254 1599 1393 1644 dicat,
1430 1605 1501 1643 ut,
1535 1601 1639 1649 quod
1667 1605 1832 1637 veteres
1857 1598 1997 1649 probis

302 1658 343 1691 et
380 1655 558 1705 propriis
591 1656 732 1693 verbis
768 1655 963 1693 dicebant
988 1655 1244 1700 emendare,
1280 1658 1534 1705 corrigere,
1568 1661 1607 1693 et
1631 1656 1738 1706 quod
1762 1654 1891 1693 verbo
1915 1667 1994 1692 uon

301 1710 429 1761 probo
468 1711 543 1748 bac
573 1711 880 1760 significatione
915 1717 955 1749 et
984 1711 1106 1749 nimis
1130 1712 1352 1761 improprio
1380 1711 1501 1749 bodie
1527 1712 1794 1750 doctissimus
1817 1711 1995 1762 quisque

299 1779 520 1805 recensere
552 1767 678 1813 dicit,
725 1767 831 1806 idem
877 1768 1095 1819 postremis
1135 1769 1392 1819 temporibus
1426 1770 1620 1806 recitat-e
1652 1767 1733 1806 dici
1766 1767 1994 1818 coepisset,

301 1822 341 1861 id
366 1829 452 1868 est,
479 1824 633 1875 scripta
659 1825 905 1862 emendandi
931 1836 1054 1862 causa
1081 1824 1221 1874 legere
1246 1824 1515 1863 auscultante
1539 1824 1673 1862 altero
1699 1829 1740 1862 et
1763 1837 1812 1862 ex
1836 1824 1992 1873 codice,

301 1891 421 1930 quem
448 1886 614 1918 secutus
637 1887 730 1918 erat
753 1880 980 1928 librarius,
1004 1881 1110 1918 vitia
1137 1888 1333 1919 notante:
1368 1893 1448 1932 quo
1478 1880 1690 1931 pertinent
1713 1886 1755 1919 et
1777 1880 1872 1919 inde
1896 1887 1996 1919 sunt

301 1936 538 1987 explicandi
566 1937 649 1975 noti
676 1938 842 1976 codices
867 1937 1071 1989 repetitae
1097 1937 1412 1989 praelectionis.
1445 1936 1525 1975 Sed
1548 1949 1694 1975 verum
1718 1943 1854 1976 tamen
1881 1937 1993 1976 vide-

299 1997 372 2031 tur
394 1995 685 2040 retractavit,
723 1992 777 2032 cf.
815 1994 932 2033 Suet.
966 2006 1139 2043 gramm.
1165 1994 1206 2033 2.
1245 1993 1341 2031 Bon.
1371 1994 1496 2032 babet
1519 1996 1757 2033 contr-amit
1778 1996 1806 2033 i.
1835 2006 1872 2034 e.
1898 2006 1995 2033 cor-

298 2052 439 2087 reoeit.
487 2048 668 2087 Leviter
699 2053 925 2101 cort-igere
959 2058 1023 2089 est
1054 2051 1161 2089 vitia
1197 2050 1368 2097 tollere,
1405 2062 1513 2102 quae
1548 2050 1679 2102 prima
1713 2050 1995 2100 negligentior

299 2104 472 2157 scriptio
509 2106 762 2157 reliquerat,
803 2107 907 2145 nihil
942 2113 1162 2158 praeterea
1194 2113 1267 2145 aut
1289 2107 1442 2145 addere
1466 2113 1540 2145 aut
1563 2107 1755 2150 demere;
1790 2107 1994 2158 quomodo

298 2160 458 2200 Varius
488 2165 747 2201 summatim
783 2163 1032 2201 emendavit
1050 2163 1263 2210 Aeneida,
1304 2162 1454 2201 Donat.
1481 2164 1559 2202 vit.
1586 2162 1708 2213 Virg.
1738 2162 1803 2202 15.
1849 2162 1908 2202 De
1931 2163 1993 2202 in-

297 2218 578 2270 terpolatione
632 2219 861 2258 satirarum
917 2219 1212 2258 Persianarum
1266 2232 1338 2271 per
1380 2221 1609 2258 Cornutum
1653 2219 1765 2258 facta
1807 2219 1992 2271 loquitur

296 2273 554 2313 Leutschius
587 2274 815 2325 (Zeitschr.
849 2274 878 2314 f.
913 2276 952 2315 d.
985 2275 1096 2316 AW.
1141 2276 1248 2317 1834
1279 2289 1319 2315 n.
1345 2276 1396 2317 21
1430 2289 1470 2329 p.
1499 2276 1624 2327 172),
1659 2276 1701 2314 in
1734 2277 1811 2315 hac
1841 2276 1992 2316 saltem

299 2336 419 2383 parte
442 2331 740 2383 disputationis
764 2331 911 2370 falsus.

415 2415 438 2456 6
473 2415 627 2455 Vescio
651 2415 769 2454 codd.
799 2445 811 2462 ‚
836 2416 943 2468 quod
968 2416 1093 2466 vulgo
1116 2417 1344 2456 omittitur.
1408 2416 1555 2456 Simile
1579 2428 1722 2455 nomen
1747 2421 1810 2455 est
1831 2415 1991 2456 Rasm‘o

299 2471 405 2524 apud
439 2471 525 2510 Cic.
561 2485 600 2524 p.
634 2471 720 2511 Mil.
755 2473 825 2512 22.
878 2472 1039 2512 Luscio
1079 2479 1173 2511 erat
1218 2486 1360 2524 poema
1395 2472 1602 2522 Neronis,
1643 2471 1758 2512 Suet.
1797 2472 1911 2513 Dom.
1945 2477 1986 2515 1.

298 2527 532 2579 Coguomen
559 2528 753 2567 Grandia
778 2529 894 2576 eius,
931 2530 998 2580 qui
1023 2530 1156 2568 omnia
1180 2531 1356 2579 grandia
1381 2531 1585 2577 sonabat,
1622 2535 1687 2568 est
1711 2529 1816 2582 apud
1840 2529 1987 2569 Senec.

298 2589 488 2623 controv.
519 2598 555 2636 p.
587 2585 651 2629 19,
678 2584 882 2632 Salutio,
928 2586 1135 2637 Scipionis
1170 2599 1394 2636 cognomen
1428 2599 1451 2625 a
1475 2587 1597 2625 mimo
1622 2593 1834 2634 sumtum,
1878 2588 1989 2638 apud

295 2639 407 2680 Ptin.
436 2639 528 2687 Vll,
555 2642 594 2683 2.
622 2640 739 2680 Suet.
767 2641 845 2680 Iul.
874 2642 940 2681 59.
969 2641 1085 2693 Toup
1109 2655 1171 2694 ep.
1199 2644 1296 2682 erit.
1325 2657 1360 2694 p.
1388 2644 1456 2685 20.
1501 2641 1654 2682 Verum
1682 2645 1747 2682 hie
1769 2643 1988 2693 legendum

298 2703 362 2736 est
383 2696 550 2737 Restio.
592 2697 763 2737 Laberii
788 2699 936 2737 mimus
959 2705 1047 2738 erat
1070 2697 1220 2738 Restio
1255 2697 1384 2752 (Gen.
1414 2699 1464 2744 Χ,
1495 2699 1559 2740 17.
1586 2698 1698 2749 XVI,
1726 2700 1765 2750 7)
1801 2699 1830 2738 i.
1856 2712 1893 2738 e.
1917 2700 1988 2752 qui

297 2759 433 2792 restes
470 2753 596 2799 facit,
632 2750 654 2792 ὁ
695 2751 1063 2807 σχοινοστρόφος,
1105 2755 1290 2794 casaub.
1328 2756 1378 2795 ad
1414 2754 1528 2795 Suet.
1557 2758 1659 2805 Aug.
1687 2758 1728 2796 2.
1772 2755 1906 2806 Bergl.
1935 2756 1987 2795 ad

296 2810 429 2850 Arist.
456 2809 561 2848 Rau.
592 2809 710 2849 1332.
762 2810 851 2849 Huc
876 2814 1057 2863 pertinet
1079 2813 1232 2852 Antius
1256 2812 1397 2851 Restio
1423 2814 1680 2866 proscriptus
1703 2825 1726 2852 a
1748 2813 1986 2851 triumviris

298 2872 341 2906 et
370 2872 502 2905 morte
537 2866 742 2905 liberatus
777 2881 797 2905 a
833 2880 954 2906 servo
986 2869 1278 2918 magnanimo,
1325 2869 1511 2908 Macrob.
1551 2869 1642 2908 Sat.
1678 2868 1708 2919 1,
1748 2869 1857 2921 111».
1884 2869 1984 2910 257.

298 2921 513 2974 Glandorp
545 2935 679 2961 onom.
718 2924 757 2962 in
790 2923 944 2964 Antiis.
994 2924 1207 2964 Drakenb.
1242 2926 1292 2964 ad
1331 2925 1426 2964 Liv.
1464 2925 1534 2971 lv,
1575 2927 1641 2966 17.
1704 2926 1782 2971 At,
1832 2925 1984 2977 inquit,

296 2978 545 3018 Restionem.
576 2979 759 3018 debebas
796 2986 945 3031 quarto
977 2993 1093 3020 casu.
1148 2981 1212 3021 Tu
1245 2995 1346 3021 vero
1382 2995 1466 3021 rem
1509 2982 1623 3021 disce
1663 2982 1726 3021 his
1764 2982 1981 3034 exemplis.

300 3035 425 3074 Ovid.
459 3034 629 3075 Metam.
663 3035 762 3084 XV,
799 3037 879 3077 96:
925 3037 1084 3086 Aetas,
1119 3039 1398 3090 enz'secz‘nzus
1431 3050 1568 3078 aurea
1602 3051 1771 3078 nomen.
1816 3037 1848 3090 l,
1877 3039 1981 3079 169:

298 3091 464 3130 Lactea
498 3105 653 3131 nomen
685 3093 830 3132 habet.
876 3091 983 3134 Ptin.
1017 3107 1107 3145 epp.
1137 3093 1183 3141 ll,
1214 3095 1277 3143 14,
1305 3096 1351 3133 5:
1398 3094 1558 3134 Iisdem
1587 3094 1797 3133 Latinum
1829 3107 1984 3134 nomen

299 3150 556 3198 impositam
590 3152 657 3186 est
688 3148 949 3188 laudicoene'.
996 3148 1113 3189 Suet.
1151 3150 1301 3189 Claud.
1334 3151 1417 3191 24:
1465 3150 1646 3190 Gabinio
1671 3173 1722 3179 -—-
1744 3163 1983 3202 cognomen

302 3203 523 3243 Clzaucz‘us
556 3216 776 3256 usurpare
804 3208 1031 3245 concessit.
1082 3206 1191 3246 Gell.
1225 3205 1323 3255 XV,
1361 3207 1429 3249 29.
1477 3206 1554 3245 Dio
1577 3206 1700 3245 Cass.
1722 3206 1874 3257 XLlll,
1902 3207 1980 3247 13:

301 3258 485 3312 Βιβλιόν
508 3255 681 3314 γράψας
707 3258 732 3300 ὃ
763 3257 1036 3303 Ἀντικάτων
1073 3260 1256 3303 ἐκάλεσε.
1291 3262 1411 3302 Phot.
1436 3263 1528 3301 cod.
1554 3261 1720 3303 LXXX
1741 3276 1779 3315 p.
1809 3263 1905 3311 117,
1928 3262 1981 3304 33
