2174 3728
617 251 767 304 v1TA
791 253 849 302 A.
880 252 1075 303 PERsu
1110 241 1349 303 FLAc'c1.
1757 260 1826 314 49

141 393 257 449 κῶν
286 400 306 427 ¹
328 390 507 443 librum
532 411 682 444 unum
700 433 713 458 ‚
757 402 807 445 et
831 411 1011 462 paucos
1037 394 1187 445 uxori
1207 401 1228 428 2
1251 393 1505 446 Thraseae
1544 397 1596 448 in
1622 398 1823 455 Arriam

139 473 346 517 matrem
371 481 577 528 verSUS‚
621 482 745 532 quae
784 483 838 516 se
876 473 991 516 ante
1027 465 1188 515 virum
1217 466 1481 517 occiderat.
1526 465 1704 521 Omnia
1732 482 1824 525 ea3

138 544 194 586 ut
219 534 439 585 aboleret
468 531 720 586 Cornutus
747 536 892 585 matri
920 535 1023 586 eius
1051 544 1225 586 auct-or
1251 536 1358 586 fuit.
1420 536 1618 589 Editum
1648 542 1822 596 librum

139 605 373 656 continuo
401 606 568 656 mirari
605 615 654 657 et
681 606 931 674 diripere4
967 606 1187 657 homines
1216 618 1501 674 coeperunt.
1570 610 1825 678 [Decessit

68 676 79 686 ’
139 684 303 728 autem
332 676 453 726 vitio
492 677 730 727 stomachi
768 695 896 727 anno
932 678 1107 727 aetatis
1146 676 1413 728 tricesimo.
1440 686 1458 712 ⁵
1517 676 1615 732 Sed
1647 689 1666 716 ⁶
1703 704 1822 738 mox

137 755 193 797 ut
218 764 245 797 a
273 746 440 797 schola
477 756 527 798 et
553 748 802 815 magistris
831 748 1047 810 divertit,
1090 748 1218 798 lecto
1250 749 1374 798 libro
1404 747 1583 801 Lucilii
1612 755 1818 821 decimo,

136 817 459 868 vehementer
484 819 662 869 satiras
690 836 983 886 componere
1009 819 1222 868 studuit:
1256 820 1517 872 cuiuslibri
1534 824 1822 894 principium

136 887 355 939 imitatus
400 898 504 952 est,
560 890 652 939 sibi
702 890 889 958 primo,
943 907 1060 939 mox
1111 890 1333 940 omnibus
1386 892 1768 961 detrectaturus‚
1807 907 1825 934 ⁷

139 977 248 1009 cum
275 967 413 1010 tanta
437 962 706 1011 recentium
735 969 987 1028 poetarum
1016 969 1064 1011 et
1091 969 1341 1011 oratorum
1367 962 1692 1018 insectatione
1713 1007 1725 1030 ,
1767 979 1822 1021 ut

138 1030 286 1080 etiam
334 1028 621 1093 Neronem,
683 1032 813 1082 illius
877 1031 1110 1099 temporis
1162 1032 1459 1100 principem,
1527 1037 1816 1104 culpaverit.

135 1098 330 1152 Versus
367 1101 419 1152 in
455 1099 709 1153 Neronem
749 1120 857 1152 cum
894 1103 962 1152 ita
1001 1120 1054 1153 se
1096 1103 1327 1154 haberet:
1392 1104 1657 1158 Auriculas
1694 1112 1821 1162 asini

133 1168 276 1222 Mida
309 1189 405 1223 rex
440 1173 618 1224 habet?
655 1175 706 1224 in
741 1173 868 1224 hunc
905 1174 1100 1224 modum
1126 1192 1155 1224 a
1182 1170 1406 1225 Cornuto
1435 1182 1768 1232 tantummodo
1801 1190 1822 1216 ὃ

134 1339 313 1381 Hoesch.
352 1331 387 1391 ᾧ
409 1336 559 1392 κλῆσιν
577 1336 737 1382 ἔθεντο
766 1336 1098 1383 Οὐαλεντιανός.
1161 1341 1225 1382 Cs.
1265 1343 1469 1383 Ochsner.
1519 1344 1607 1386 Cic.
1656 1349 1816 1401 eclog-g.

133 1410 175 1451 p.
200 1399 297 1442 422.
342 1397 556 1438 Schaefer.
591 1397 641 1436 ad
677 1397 818 1437 Schol.
849 1399 988 1451 Apoll.
1027 1398 1106 1438 Rh.
1143 1412 1182 1452 p.
1208 1400 1288 1441 66¹.)
1312 1401 1354 1440 in
1378 1414 1418 1441 v.
1443 1406 1703 1446 nominatio.
1736 1407 1819 1448 Lo-

134 1454 258 1495 beck.
282 1454 335 1495 ad
357 1454 516 1507 Phryn.
541 1467 578 1507 p.
607 1452 704 1495 517.

248 1540 268 1580 1
297 1534 606 1594 Ὁὸοιπορικόν
624 1537 853 1579 Lindenbr.
881 1539 1022 1580 Burin.
1047 1539 1180 1581 Wolf.
1215 1540 1304 1582 Non
1331 1548 1427 1595 puto
1449 1543 1509 1583 sic
1531 1544 1682 1587 librum
1706 1554 1819 1590 recte

131 1596 389 1648 significari,
424 1597 459 1636 si
484 1609 681 1636 numerus
704 1597 898 1643 additur,
935 1603 980 1637 ut
1014 1598 1079 1637 hic
1115 1598 1223 1637 liber
1253 1612 1375 1638 unus.
1423 1600 1488 1640 Cf.
1515 1602 1695 1644 Sabinus
1717 1604 1817 1646 Tiro

131 1655 174 1694 in
212 1654 323 1694 libro
357 1654 598 1706 Cepurz‘con
630 1654 738 1706 apud
773 1653 882 1693 Plin.
922 1653 1041 1703 XIX,
1077 1654 1145 1695 57.
1191 1654 1308 1694 Libri
1333 1658 1670 1709 anthologiam,
1705 1661 1816 1704 Plin.

130 1709 254 1761 XXI,
287 1710 327 1751 9.
376 1710 660 1760 Catalecton‚
694 1710 846 1749 Donat.
883 1712 958 1750 vit.
993 1711 1109 1762 Virg.
1138 1711 1177 1752 7.
1222 1713 1468 1764 Palemon,
1503 1715 1593 1767 Dig.
1621 1718 1670 1758 de
1692 1717 1741 1759 V.
1769 1719 1815 1760 S.

131 1766 184 1807 fr.
222 1768 321 1809 246.
366 1766 492 1806 Sturz
527 1766 769 1819 Empedocl.
795 1780 833 1819 p.
860 1767 928 1808 74.
990 1769 1220 1808 Schneider
1250 1768 1459 1810 Formenl.
1499 1785 1537 1824 p.
1572 1774 1641 1815 83.
1694 1776 1816 1830 Apud

130 1823 314 1864 Gellium
337 1824 410 1870 Ill,
438 1824 483 1864 11
512 1824 730 1874 legendum
753 1830 817 1864 est
839 1827 883 1863 in
900 1828 1048 1876 primo
1085 1825 1411 1878 didascalicon,
1444 1842 1534 1868 cum
1559 1831 1817 1876 didascalica

130 1881 334 1934 inscripta
366 1881 496 1920 fuisse
531 1882 636 1920 satis
671 1882 818 1921 doceat
840 1881 1062 1933 praefatio,
1106 1883 1277 1923 Scilicet
1298 1888 1510 1925 orationes
1532 1887 1592 1927 sic
1616 1890 1816 1932 inscribe-

129 1938 257 1979 bant:
292 1934 574 1980 Ὀλυνθιακὸς
598 1938 802 1990 πρῶτος,
834 1933 1057 1991 δεύτερος,
1099 1953 1176 1979 non
1215 1941 1342 1981 libros
1367 1943 1607 1984 doctrinae:
1642 1947 1680 1986 hi
1706 1948 1814 1989 libro

130 2008 213 2034 uno
246 2001 375 2034 totam
409 1995 629 2034 materiam
662 1996 864 2046 complexi
898 1996 1220 2048 appellabantur
1250 2004 1294 2037 ut
1316 1997 1606 2052 Xenophontis
1632 1999 1816 2045 Οἰκονο-

127 2047 286 2105 μικός,
314 2047 626 2104 Ἱππαρχικός,
659 2051 863 2092 Varronis
886 2055 1207 2093 commentarius
1230 2049 1532 2111 et'oaywytuds,
1560 2058 1667 2100 Geli.
1693 2061 1811 2114 XIV,

129 2108 172 2159 7,
205 2113 278 2148 aut
308 2104 530 2156 Λεξικόν,
569 2103 848 2161 Ἑξῃγητικόν
883 2116 962 2149 etc.
1019 2111 1254 2163 Scripserat
1285 2120 1422 2153 autem
1458 2115 1626 2156 Persius
1657 2118 1813 2162 librum

126 2165 339 2206 itinerarii
373 2165 608 2216 argumenti
640 2178 793 2214 unum,
837 2168 942 2217 quod
980 2168 1093 2206 aliud
1118 2175 1182 2208 est
1203 2182 1324 2221 quam
1348 2172 1631 2222 singulare1n3
1666 2189 1810 2225 unum,

127 2235 221 2263 cum
253 2222 431 2263 alterum
466 2234 514 2262 ac
546 2222 688 2275 plures
722 2222 901 2262 fortasse
935 2225 1122 2265 scribere
1156 2226 1363 2278 cogitarat
1396 2235 1438 2269 et
1469 2230 1670 2273 hactenus
1703 2234 1812 2275 hunc

127 2293 286 2334 quoque
308 2279 464 2320 librum
486 2279 778 2332 imperfectum
803 2280 990 2333 reliquit.

240 2365 266 2408 2
302 2362 446 2406 Uxori
483 2369 598 2404 reete
628 2365 893 2406 emendatum
927 2371 1016 2414 est,
1062 2366 1189 2419 vulgo
1229 2381 1461 2422 sororum,
1506 2370 1609 2412 Bon.
1643 2378 1808 2418 sorori.

127 2420 191 2464 Cf.
209 2420 319 2463 Plin.
343 2434 433 2475 epp.
458 2419 531 2470 Ill,
558 2421 626 2462 16.

239 2507 264 2549 3
294 2507 361 2547 Εα
382 2506 482 2547 Bon.
503 2537 514 2558 ‚
547 2511 694 2547 autem
716 2507 833 2560 vulg.

239 2578 267 2619 4
301 2577 368 2618 Cf.
394 2576 525 2617 Gron.
549 2578 601 2618 ad
627 2578 724 2619 Seu.
751 2579 800 2618 de
823 2579 888 2619 ira
912 2578 980 2628 ΙΙΙ,
1007 2580 1076 2622 23.

239 2649 262 2689 5
294 2648 376 2690 Vv.
400 2648 664 2688 Decessit—
680 2652 906 2689 tricesimo
924 2679 937 2700 ‚
970 2650 1010 2689 in
1035 2650 1114 2690 fine
1136 2651 1228 2703 poni
1254 2653 1378 2693 iussit
1400 2654 1556 2707 Scalig.
1580 2658 1631 2698 ad
1654 2658 1808 2702 Euseb.

124 2706 553 2805 Ξὸέἕοόὼῐὲιὶίθῐυιίωῐι
586 2704 735 2746 ΧΧΙΧ
765 2707 968 2760 reposuit.
1024 2707 1181 2749 verum
1204 2713 1351 2751 mortis
1373 2725 1505 2763 genus
1527 2725 1550 2754 a
1573 2715 1807 2760 l'ahulatore

239 2848 262 2890 6
297 2847 409 2889 Haec
443 2861 464 2888 a
498 2861 539 2888 v.
575 2847 660 2888 Sed
687 2861 794 2888 moa·
826 2861 958 2900 usque
992 2849 1042 2889 ad
1079 2849 1199 2891 finem
1230 2850 1402 2892 Reizius
1435 2867 1557 2907 supra
1581 2858 1808 2902 collocavit

122 2910 217 2960 post
236 2919 308 2946 vv.
333 2909 378 2946 in
394 2906 722 2958 philosophiam
746 2910 824 2947 cst.
861 2906 941 2945 Sed
967 2909 1286 2949 narratiuncula
1311 2910 1411 2950 haec
1434 2917 1519 2952 tota
1544 2916 1720 2957 conficta
1741 2924 1807 2959 est

123 2975 177 3003 ex
196 2964 327 3016 primo
350 2976 475 3004 versu
499 2969 581 3004 sat.
608 2962 637 3011 1,
660 2964 730 3016 qui
753 2976 900 3003 versus
923 2963 1074 3004 Lucilii
1099 2972 1191 3006 erat
1214 2980 1264 3007 ex
1287 2970 1377 3007 cius
1400 2968 1509 3009 lihro
1531 2970 1585 3012 X.

236 3045 261 3088 ’1
292 3046 361 3087 Sic
385 3048 538 3089 dictum
561 3054 627 3089 est
647 3048 696 3088 ob
720 3048 855 3088 illud:
891 3048 923 3088 0
947 3061 1077 3089 curas
1093 3051 1333 3102 homiuum,
1358 3052 1426 3091 uhi
1449 3054 1609 3095 schol.:
1642 3055 1807 3099 Semet-

123 3105 270 3158 ipsum
298 3104 552 3159 redarguit.

237 3188 262 3228 8
293 3186 454 3240 Vulgo:
497 3194 593 3245 ipso
626 3195 801 3232 tantum
841 3190 994 3240 modo,
1038 3193 1146 3234 unde
1190 3193 1335 3233 Barth.
1379 3200 1421 3234 et
1466 3194 1665 3237 lleizius:
1709 3201 1803 3252 ipso

123 3244 316 3312 nondam
345 3252 538 3291 mortuo.
582 3247 741 3291 Saltem
774 3249 948 3291 metius:
994 3252 1089 3303 ipso
1124 3255 1230 3291 tunc
1260 3254 1348 3292 iam
1370 3257 1562 3295 mortuo.
1594 3255 1678 3297 Sed
1697 3256 1801 3298 Bon.

125 3314 206 3343 om.
241 3314 352 3355 ψει).

181 3385 345 3414 rnnsws
380 3372 432 3414 Π.
1435 3364 1468 3414 4
