2174 3728
249 211 318 261 24
939 218 1253 270 PERSII

254 350 333 401 Ad
362 354 589 418 populum
618 354 874 420 phaleras!
918 373 1010 423 ego
1041 366 1086 408 te
1113 359 1246 411 intus
1275 367 1324 409 et
1354 359 1406 410 in
1434 369 1545 411 cute
1573 364 1705 417 novi.

254 433 373 484 Non
400 437 548 502 pudet
573 439 633 487 ad
659 456 845 489 morem
874 440 1100 491 discincti
1135 442 1305 492 vivere
1342 441 1560 495 Nattae!

397 517 499 570 Sed
526 529 690 588 stupet
717 523 793 579 hic
821 523 942 573 vitio
960 562 973 586 ‚
1019 524 1154 575 fibris
1185 525 1398 576 increvit
1425 529 1637 595 opimum

255 602 463 669 pingue,
507 614 644 655 caret
671 608 840 674 culpa,
879 609 1068 669 nescit,
1111 610 1224 675 quid
1253 611 1453 676 perdat,
1497 622 1547 669 et
1572 614 1672 666 alto

258 685 511 737 demersus
539 706 728 745 sumnia
752 709 927 741 rursus
954 709 1054 741 non
1079 692 1221 742 bullit
1256 694 1308 751 in
1335 695 1483 746 unda.

254 766 443 836 Magne
471 781 611 838 pater
638 774 800 824 divum
819 813 832 838 ,
875 793 1051 831 saevos
1080 777 1253 843 punire
1281 786 1520 846 tyrannos

258 851 385 903 haud
413 856 509 905 alia
534 857 726 908 ratione
752 860 877 915 velis
894 898 906 922 ,
949 877 1056 909 cum
1086 861 1190 910 dira
1217 861 1365 912 libido

257 938 469 996 moverit
493 939 745 1006 ingenium
774 944 986 993 ferventi
1016 945 1170 1000 tincta
1196 963 1422 997 veneno:

256 1020 489 1075 virtutem
516 1025 716 1081 videant
741 1027 1149 1095 intabescantque
1179 1030 1374 1081 relicta.

255 1103 404 1156 Anne
431 1109 586 1174 magis
615 1106 770 1160 Siculi
797 1121 1094 1177 gemuerunt
1118 1130 1236 1169 aera
1263 1115 1481 1178 iuvenci,

259 1195 307 1237 et
332 1191 488 1256 magis
516 1193 704 1243 auratis
732 1195 949 1260 pendens
976 1197 1289 1262 laquearibus
1317 1199 1453 1249 ensis

257 1289 528 1341 purpureas
556 1277 728 1327 subter
754 1279 972 1330 cervisses
1003 1281 1210 1344 terruit,
1241 1279 1396 1345 Imus,

257 1355 384 1408 imus
412 1359 734 1427 praecipites,
777 1380 919 1428 quam
947 1364 989 1414 si
1016 1364 1107 1414 sihi
1137 1366 1292 1428 dicat,
1325 1375 1374 1415 et
1398 1366 1533 1418 intus

258 1441 437 1505 palleat
464 1443 642 1502 infelix
668 1446 795 1511 quod
822 1447 1051 1514 proxima
1076 1450 1268 1500 nesciat
1293 1451 1458 1500 uxor?

259 1521 421 1592 Saepe
448 1528 645 1591 oculos,
677 1531 906 1595 memini,
950 1533 1214 1599 tangebam
1241 1552 1425 1601 parvus
1453 1536 1603 1600 olivo,

259 1611 466 1674 grandia
492 1611 535 1661 si
561 1613 740 1671 nollem
766 1615 995 1666 morituri
1022 1617 1173 1668 verba
1201 1614 1412 1669 Catonis

260 1691 454 1756 dicere,
495 1712 594 1748 non
622 1713 743 1747 sano
770 1699 973 1749 multum
1001 1700 1244 1756 laudanda
1272 1703 1532 1768 magistro,

261 1793 385 1842 quae
413 1787 553 1844 pater
579 1781 799 1833 adductis
828 1784 1010 1833 sudans
1042 1785 1236 1835 audiret
1273 1786 1463 1837 amicis.

258 1857 383 1911 Jure
411 1864 591 1914 etenim
616 1865 665 1915 id
691 1883 934 1916 summum
951 1905 965 1927 ,
1009 1867 1123 1934 quid
1151 1868 1331 1919 dexter
1357 1871 1495 1921 senio
1524 1872 1681 1924 ferret

261 1946 391 2001 scire
409 1986 422 2010 ‚
455 1957 563 1998 erat
588 1949 639 1999 in
668 1959 814 2013 v0t03
862 1952 1097 2002 damnosa
1124 1954 1347 2004 canicula
1373 1965 1610 2021 quantum

261 2031 488 2096 raderet3
532 2043 772 2100 angustae
799 2036 924 2085 collo
953 2054 1052 2086 non
1079 2037 1240 2087 fallier
1266 2055 1446 2103 orcae3

261 2131 358 2171 neu
386 2116 491 2182 quis
521 2118 742 2168 callidior
766 2119 954 2177 buxum
981 2129 1214 2187 torquere
1241 2121 1454 2189 flagello.

261 2196 407 2249 Haud
433 2200 520 2250 tibi
544 2201 859 2269 inexpertum
887 2221 1065 2255 curvos
1094 2207 1396 2272 deprendere
1421 2225 1606 2273 mores,

265 2300 486 2349 quaeque
514 2285 655 2335 docet
681 2287 877 2354 sapiens
904 2288 1149 2339 braccatis
1176 2290 1301 2340 illita
1326 2289 1491 2342 Medis

264 2368 483 2434 porticus
502 2407 515 2431 ,
554 2370 793 2422 insomnis
823 2372 996 2438 quibus
1025 2382 1074 2423 et
1101 2374 1308 2425 detonsa
1341 2375 1573 2429 iuventus

263 2451 515 2518 invigilat,
557 2454 745 2520 siliquis
775 2465 824 2506 et
848 2457 1022 2523 grandi
1049 2467 1188 2525 pasta
1215 2460 1442 2526 polenta3

266 2543 314 2584 et
339 2536 426 2586 tibi
445 2575 458 2599 ‚
491 2556 613 2603 quae
641 2536 836 2591 Samios
864 2541 1056 2591 diduxit
1081 2542 1247 2593 littera
1272 2562 1446 2608 ramoae

265 2630 551 2686 surgentem
579 2623 756 2674 dextro
783 2627 1081 2677 monstravit
1105 2627 1259 2679 limite
1287 2630 1490 2683 callem:

265 2705 434 2759 stertis
463 2706 651 2770 adhuc,
680 2708 946 2775 laxumque
974 2720 1147 2779 caput,
1178 2730 1412 2781 compage
1440 2715 1620 2778 soluta,

267 2787 446 2838 oscitat
472 2789 758 2844 hesternum
778 2832 790 2856 ,
831 2793 1032 2846 dissutis
1065 2797 1279 2863 unquue
1305 2799 1466 2848 malis.

268 2869 362 2921 Est
387 2873 566 2938 aliquid
594 2893 688 2941 quo
715 2878 876 2928 tendis
897 2916 911 2940 ‚
943 2888 992 2929 et
1016 2880 1067 2931 in
1095 2882 1222 2947 quod
1247 2882 1418 2949 dirigis
1445 2885 1650 2934 arcum?

266 2973 328 3004 an
355 2957 536 3023 passim
564 2961 788 3025 sequeris
817 2979 994 3013 corvos
1022 2972 1247 3032 testaque
1279 2967 1481 3033 lutoque

266 3056 471 3092 securus
500 3060 594 3108 quo
621 3061 706 3111 pes
735 3045 892 3108 ferat,
935 3056 1080 3114 atquc
1108 3066 1174 3099 ex
1199 3058 1421 3118 tempore
1445 3051 1611 3102 vivis?

1876 362 1944 415 30

1881 783 1949 835 35

1886 1204 1957 1256 40

1889 1623 1958 1675 45

1886 2043 1960 2097 50

1889 2462 1958 2516 55

1887 2884 1958 2937 60

269 3181 310 3207 ν.
346 3170 399 3209 40
432 3174 514 3210 ant
545 3184 664 3224 mag.
700 3187 736 3212 r.
818 3188 858 3214 v,
895 3177 949 3216 44
981 3179 1202 3230 cingebam
1236 3193 1274 3232 p.
1338 3191 1381 3218 v.
1417 3179 1469 3220 45
1501 3182 1724 3220 morituro
1746 3203 1800 3209 —
1825 3181 1947 3222 Cato-

267 3227 316 3264 ni
344 3238 382 3277 p.
455 3240 494 3266 v.
531 3228 582 3268 56
615 3229 805 3270 deduxit
834 3245 873 3285 p.
908 3245 943 3272 c.
