2174 3728
308 265 376 316 36
995 267 1308 316 PERSII

305 404 550 471 insignem
578 404 637 454 ob
667 405 853 456 cladem
882 403 1161 456 Germanae
1188 405 1329 473 pubis
1347 444 1361 468 ,
1401 415 1451 456 et
1484 407 1585 458 aris

307 488 513 554 frigidus
541 490 796 539 excutitur
822 490 945 540 cinis
966 527 979 552 ,
1011 507 1068 540 ac
1095 490 1190 539 iam
1220 490 1442 556 postibus
1470 508 1626 554 arma,
1929 490 1997 545 45

304 570 402 621 iam
430 571 710 639 chlamydes
738 591 909 640 regum
927 612 940 636 ,
969 574 1065 624 iam
1093 574 1224 624 lutea
1253 591 1470 642 gausapa
1497 575 1653 642 captis

306 656 578 720 essedaque
596 694 609 718 ,
647 656 973 723 ingentesque
1000 657 1132 707 locat
1158 653 1407 708 Caesonia
1433 657 1659 709 Rhenos.

304 737 395 789 Dis
423 739 603 805 igitur,
646 737 904 807 Genioque
932 741 1069 790 ducis
1094 750 1289 791 centum
1318 742 1454 808 paria
1481 742 1541 791 ob
1568 759 1651 793 res

305 823 505 889 egregie
532 833 698 890 gestas
725 824 935 888 induc03
980 826 1086 891 quis
1113 826 1286 876 vetat?
1325 826 1482 887 audeg

301 925 425 969 vae,
456 908 551 958 nisi
578 909 845 958 connives!
889 910 1050 959 oleum
1080 918 1431 974 artocreasque
1459 909 1650 975 popello
1927 908 1996 962 50

303 991 516 1058 largior3
560 1010 623 1041 an
650 992 915 1059 prohibes?
956 993 1030 1042 dic
1060 994 1220 1043 clare!
1280 991 1440 1055 „Non
1468 994 1591 1043 adeo
1612 1032 1624 1055 ‚
1655 993 1849 1059 inquis:

306 1085 615 1137 „exossatus
643 1093 764 1142 ager
789 1076 931 1126 iuxta
958 1082 1101 1126 est.“
1150 1076 1262 1143 Age
1281 1115 1293 1139 ⁷
1341 1077 1384 1126 si
1410 1077 1525 1126 mihi
1555 1079 1687 1127 nulla

301 1159 397 1209 iam
425 1160 614 1225 reliqua
641 1176 706 1208 ex
733 1160 893 1209 amitis
914 1198 927 1222 ‚
959 1161 1195 1226 patruelis
1223 1162 1356 1211 nulla
1376 1199 1388 1223 ‚
1420 1161 1673 1228 proneptis

303 1244 435 1294 nulla
461 1251 627 1293 manet
652 1243 845 1309 patrui,
885 1244 1069 1292 sterilis
1099 1252 1365 1294 matertera
1391 1245 1537 1306 vixit,

303 1328 456 1392 deque
483 1327 594 1377 avia
621 1325 824 1374 nihilum
852 1335 1113 1394 superest,
1145 1329 1328 1377 accedo
1359 1326 1578 1378 Bovillas
1927 1327 1994 1380 55

302 1411 577 1479 clix-{umque
605 1410 664 1458 ad
691 1408 866 1471 Virhi‚
897 1419 1095 1477 praesto
1126 1421 1202 1461 est
1226 1412 1344 1460 mihi
1373 1410 1573 1462 Manius
1603 1411 1768 1461 heres.
1798 1442 1868 1449 —-

306 1492 626 1560 „Progenies
655 1495 905 1543 terrae?“
935 1526 1004 1531 —-
1045 1493 1244 1560 Quaere
1272 1513 1339 1545 ex
1364 1512 1441 1545 me
1460 1533 1472 1556 ‚
1514 1495 1621 1560 quis
1649 1495 1765 1544 mihi
1794 1504 1998 1562 quartus

302 1578 368 1629 sit
394 1587 560 1645 pater:
605 1577 733 1627 haud
760 1588 981 1645 prompte
1001 1616 1014 1640 ‚
1045 1579 1201 1629 dicam
1228 1588 1422 1641 tamen3
1466 1580 1586 1628 adde
1615 1581 1762 1630 etiam
1788 1598 1958 1642 unum,

300 1680 451 1712 unum
480 1662 655 1723 etiam,
695 1670 860 1711 terrae
889 1671 964 1711 est
990 1662 1083 1712 iam
1114 1663 1270 1711 filius:
1315 1672 1363 1712 et
1391 1663 1505 1712 mihi
1531 1663 1631 1712 ritu

298 1744 501 1796 Manius
531 1746 607 1794 hic
635 1746 832 1811 generis
861 1763 1012 1813 prope
1038 1746 1195 1795 maior
1221 1747 1493 1796 avunculus
1522 1746 1647 1796 exit.
1894 1782 1898 1784 -
1927 1744 1997 1798 60

301 1827 397 1895 Qui
428 1830 564 1897 prior
590 1847 642 1879 es
662 1868 675 1892 ‚
713 1847 801 1879 cur
828 1848 904 1880 me
930 1831 1242 1880 indecursum
1272 1831 1495 1897 lampada
1521 1829 1721 1897 poscis?

300 1932 407 1966 sum
435 1914 522 1963 tibi
549 1912 867 1977 Mercurius3
908 1914 1054 1963 venio
1086 1913 1220 1964 Deus
1249 1915 1341 1964 huc
1370 1932 1491 1981 eg0‚
1534 1923 1587 1964 ut
1612 1915 1696 1964 ille

300 1998 550 2066 pingitur:
597 2016 659 2047 an
686 1998 892 2048 renuis?
930 1997 1028 2048 vin'
1057 2007 1109 2048 tu
1136 2000 1353 2065 gaudere
1381 1999 1599 2049 relictis?

299 2080 460 2133 Deest
485 2081 667 2147 aliquid
695 2100 944 2144 summae3
987 2083 1138 2132 minui
1165 2083 1312 2132 mihi:
1353 2085 1439 2133 sed
1466 2083 1552 2132 tibi
1580 2091 1739 2132 totum
1767 2091 1862 2143 est,

301 2166 531 2233 quicquid
568 2167 617 2215 id
654 2175 747 2216 est.
800 2164 897 2216 Ubi
935 2167 1024 2228 sit,
1072 2168 1186 2233 fuge
1228 2185 1498 2232 quaerere,
1543 2167 1671 2232 quod
1696 2167 1813 2216 mihi
1841 2185 1993 2233 quon-

1399 2252 1508 2300 dam
1926 2248 1994 2300 65

298 2334 492 2401 legarat
516 2333 700 2383 Tadius
720 2372 732 2395 ,
773 2351 868 2384 neu
897 2335 1025 2384 dicta
1051 2352 1236 2401 repone
1264 2344 1499 2402 paterna:

301 2419 563 2481 „faenoris
592 2419 795 2467 accedat
820 2436 1042 2481 merces3
1087 2419 1198 2469 hinc
1226 2419 1389 2468 exime
1418 2425 1606 2466 sumtus
1626 2418 1635 2464 Ξ
1659 2421 1695 2446 ‘⁶
1724 2447 1795 2455 --

301 2499 480 2567 „Quid
521 2502 762 2567 reliquum
799 2504 966 2552 est?“
1007 2532 1076 2539 —
1111 2501 1409 2567 Reliquum?
1454 2518 1616 2562 nunc,
1649 2519 1778 2551 nunc
1805 2502 1990 2569 impen-

1397 2586 1499 2635 sius
1528 2602 1677 2651 unge,

299 2686 431 2736 unge
451 2707 463 2730 ‚
495 2687 643 2736 puer,
677 2670 863 2719 caules.
913 2666 1035 2717 Mihi
1066 2669 1192 2718 festa
1218 2669 1326 2718 luce
1354 2677 1594 2734 coquatur

301 2753 458 2804 urtica
487 2762 537 2803 et
565 2754 676 2803 fissa
709 2753 948 2801 fumosum
977 2751 1192 2818 sinciput
1218 2769 1357 2812 aure,
1920 2751 1990 2803 70

298 2845 353 2886 ut
379 2846 489 2887 tuus
518 2837 610 2887 iste
639 2853 790 2902 nepos
819 2835 932 2884 olim
961 2844 1100 2884 satur
1125 2836 1319 2886 anseris
1348 2836 1501 2898 extis,

300 2938 408 2970 cum
437 2938 632 2969 morosa
660 2937 787 2986 vago
816 2919 1071 2985 singultiet
1097 2920 1298 2986 inguine
1323 2937 1472 2982 vena,

298 3005 534 3072 patriciae
560 3005 780 3055 immeiat
801 3003 1014 3053 vulvae?
1052 3003 1170 3052 mihi
1205 3013 1361 3054 trama
1387 3005 1573 3070 figurae

297 3087 363 3137 sit
387 3089 603 3154 reliqua:
647 3098 726 3139 ast
751 3088 820 3139 illi
847 3096 1028 3138 tremat
1054 3097 1251 3138 omento
1279 3105 1404 3156 popa
1428 3088 1639 3136 venter?

295 3228 336 3253 v.
365 3216 412 3256 51
448 3217 587 3256 audeo
611 3229 648 3268 p.
732 3229 774 3254 v.
800 3216 853 3255 60
885 3219 1038 3254 eoestat
1062 3229 1099 3268 p.
1184 3230 1224 3256 v.
1250 3215 1299 3256 61
1333 3218 1379 3254 in
1402 3215 1588 3255 decursu
1610 3226 1646 3267 p.
1676 3227 1710 3254 c.
1739 3229 1774 3255 r.
1863 3229 1906 3255 v.
1932 3217 1983 3256 66

294 3283 462 3324 oppone
494 3285 531 3323 p.
