<?xml version="1.0" encoding="UTF-8"?>
<!DOCTYPE html PUBLIC "-//W3C//DTD XHTML 1.0 Transitional//EN"
    "http://www.w3.org/TR/xhtml1/DTD/xhtml1-transitional.dtd">
<html xmlns="http://www.w3.org/1999/xhtml" xml:lang="en" lang="en">
 <head>
  <title>
</title>
<meta http-equiv="Content-Type" content="text/html;charset=utf-8" />
  <meta name='ocr-system' content='tesseract 3.04.00' />
  <meta name='ocr-capabilities' content='ocr_page ocr_carea ocr_par ocr_line ocrx_word'/>
</head>
<body>
  <div class='ocr_page' id='page_1' title='image "./satirenp00persuoft_0021.png"; bbox 0 0 2174 3728; ppageno 0'>
   <div class='ocr_carea' id='block_1_1' title="bbox 764 274 1843 326">
    <p class='ocr_par' dir='ltr' id='par_1_1' title="bbox 764 274 1843 326">
     <span class='ocr_line' id='line_1_1' title="bbox 764 274 1843 326; baseline 0.003 -3"><span class='ocrx_word' id='word_1_1' title='bbox 764 274 1107 324; x_wconf 88' lang='lat' dir='ltr'>SATIRA</span> <span class='ocrx_word' id='word_1_2' title='bbox 1182 275 1217 322; x_wconf 86' lang='grc' dir='ltr'>Ι.</span> <span class='ocrx_word' id='word_1_3' title='bbox 1778 276 1843 326; x_wconf 83' lang='grc'>17</span> 
     </span>
    </p>
   </div>
   <div class='ocr_carea' id='block_1_2' title="bbox 134 412 1836 3009">
    <p class='ocr_par' dir='ltr' id='par_1_2' title="bbox 144 412 1518 483">
     <span class='ocr_line' id='line_1_2' title="bbox 144 412 1518 483; baseline 0.001 -19"><span class='ocrx_word' id='word_1_4' title='bbox 144 413 260 478; x_wconf 83' lang='lat' dir='ltr'>„At</span> <span class='ocrx_word' id='word_1_5' title='bbox 283 412 505 482; x_wconf 90' lang='lat' dir='ltr'>pulcrum</span> <span class='ocrx_word' id='word_1_6' title='bbox 533 414 685 483; x_wconf 70' lang='lat' dir='ltr'>digito</span> <span class='ocrx_word' id='word_1_7' title='bbox 711 416 982 466; x_wconf 87' lang='lat' dir='ltr'>monstrari</span> <span class='ocrx_word' id='word_1_8' title='bbox 1009 424 1060 467; x_wconf 93' lang='lat' dir='ltr'>et</span> <span class='ocrx_word' id='word_1_9' title='bbox 1085 416 1265 479; x_wconf 88' lang='lat' dir='ltr'>dicier,</span> <span class='ocrx_word' id='word_1_10' title='bbox 1309 412 1385 466; x_wconf 86' lang='lat' dir='ltr'>hic</span> <span class='ocrx_word' id='word_1_11' title='bbox 1414 425 1484 466; x_wconf 74' lang='lat' dir='ltr'>est</span> <span class='ocrx_word' id='word_1_12' title='bbox 1509 417 1518 464; x_wconf 88' lang='lat'><strong>!</strong></span> 
     </span>
    </p>

    <p class='ocr_par' dir='ltr' id='par_1_3' title="bbox 141 498 1229 562">
     <span class='ocr_line' id='line_1_3' title="bbox 141 498 1229 562; baseline 0.002 -13"><span class='ocrx_word' id='word_1_13' title='bbox 141 498 286 562; x_wconf 87' lang='lat' dir='ltr'>„ten&#39;</span> <span class='ocrx_word' id='word_1_14' title='bbox 315 499 611 550; x_wconf 82' lang='lat' dir='ltr'>cirratorum</span> <span class='ocrx_word' id='word_1_15' title='bbox 640 507 835 549; x_wconf 89' lang='lat' dir='ltr'>centum</span> <span class='ocrx_word' id='word_1_16' title='bbox 865 500 1048 550; x_wconf 87' lang='lat' dir='ltr'>dictata</span> <span class='ocrx_word' id='word_1_17' title='bbox 1074 499 1229 551; x_wconf 88' lang='lat' dir='ltr'>fuisse</span> 
     </span>
    </p>

    <p class='ocr_par' dir='ltr' id='par_1_4' title="bbox 141 583 1836 652">
     <span class='ocr_line' id='line_1_4' title="bbox 141 583 1836 652; baseline 0.002 -20"><span class='ocrx_word' id='word_1_18' title='bbox 141 600 275 650; x_wconf 85' lang='lat' dir='ltr'>„pro</span> <span class='ocrx_word' id='word_1_19' title='bbox 303 583 456 633; x_wconf 90' lang='lat' dir='ltr'>nihilo</span> <span class='ocrx_word' id='word_1_20' title='bbox 483 584 708 651; x_wconf 82' lang='lat' dir='ltr'>pendas?</span> <span class='ocrx_word' id='word_1_21' title='bbox 747 600 864 634; x_wconf 87' lang='lat' dir='ltr'>ecce</span> <span class='ocrx_word' id='word_1_22' title='bbox 889 584 1024 635; x_wconf 89' lang='lat' dir='ltr'>inter</span> <span class='ocrx_word' id='word_1_23' title='bbox 1049 585 1224 650; x_wconf 91' lang='lat' dir='ltr'>pocula</span> <span class='ocrx_word' id='word_1_24' title='bbox 1252 593 1498 652; x_wconf 88' lang='lat' dir='ltr'>quaerunt</span> <span class='ocrx_word' id='word_1_25' title='bbox 1768 583 1836 635; x_wconf 87' lang='lat'>30</span> 
     </span>
    </p>

    <p class='ocr_par' dir='ltr' id='par_1_5' title="bbox 140 663 1467 735">
     <span class='ocr_line' id='line_1_5' title="bbox 140 663 1467 735; baseline 0.002 -19"><span class='ocrx_word' id='word_1_26' title='bbox 140 663 481 728; x_wconf 82' lang='lat' dir='ltr'>„Romulidae</span> <span class='ocrx_word' id='word_1_27' title='bbox 507 666 697 729; x_wconf 82' lang='lat' dir='ltr'>saturi,</span> <span class='ocrx_word' id='word_1_28' title='bbox 741 669 856 734; x_wconf 90' lang='lat' dir='ltr'>quid</span> <span class='ocrx_word' id='word_1_29' title='bbox 882 667 959 718; x_wconf 87' lang='lat' dir='ltr'>dia</span> <span class='ocrx_word' id='word_1_30' title='bbox 987 676 1214 735; x_wconf 82' lang='lat' dir='ltr'>poemata</span> <span class='ocrx_word' id='word_1_31' title='bbox 1241 676 1467 719; x_wconf 88' lang='lat' dir='ltr'>narrent.</span> 
     </span>
    </p>

    <p class='ocr_par' dir='ltr' id='par_1_6' title="bbox 140 747 1726 821">
     <span class='ocr_line' id='line_1_6' title="bbox 140 747 1726 821; baseline 0.001 -22"><span class='ocrx_word' id='word_1_32' title='bbox 140 747 283 812; x_wconf 83' lang='lat' dir='ltr'>„Hic</span> <span class='ocrx_word' id='word_1_33' title='bbox 310 749 515 816; x_wconf 82' lang='lat' dir='ltr'>aliquiS,</span> <span class='ocrx_word' id='word_1_34' title='bbox 547 750 626 800; x_wconf 94' lang='lat' dir='ltr'>cui</span> <span class='ocrx_word' id='word_1_35' title='bbox 652 750 837 801; x_wconf 89' lang='lat' dir='ltr'>circum</span> <span class='ocrx_word' id='word_1_36' title='bbox 867 751 1099 802; x_wconf 81' lang='lat' dir='ltr'>humeros</span> <span class='ocrx_word' id='word_1_37' title='bbox 1126 753 1432 821; x_wconf 64' lang='lat' dir='ltr'>tyrianthina</span> <span class='ocrx_word' id='word_1_38' title='bbox 1458 753 1602 803; x_wconf 87' lang='lat' dir='ltr'>laena</span> <span class='ocrx_word' id='word_1_39' title='bbox 1630 760 1726 813; x_wconf 81' lang='lat' dir='ltr'>est,</span> 
     </span>
    </p>

    <p class='ocr_par' dir='ltr' id='par_1_7' title="bbox 139 833 1392 900">
     <span class='ocr_line' id='line_1_7' title="bbox 139 833 1392 900; baseline 0.003 -17"><span class='ocrx_word' id='word_1_40' title='bbox 139 833 491 897; x_wconf 81' lang='lat' dir='ltr'>„rancidulum</span> <span class='ocrx_word' id='word_1_41' title='bbox 519 835 745 900; x_wconf 83' lang='lat' dir='ltr'>quiddam</span> <span class='ocrx_word' id='word_1_42' title='bbox 770 835 915 887; x_wconf 86' lang='lat' dir='ltr'>balba</span> <span class='ocrx_word' id='word_1_43' title='bbox 942 837 1000 887; x_wconf 92' lang='lat' dir='ltr'>de</span> <span class='ocrx_word' id='word_1_44' title='bbox 1027 854 1148 887; x_wconf 88' lang='lat' dir='ltr'>nare</span> <span class='ocrx_word' id='word_1_45' title='bbox 1174 838 1392 899; x_wconf 92' lang='lat' dir='ltr'>locutus,</span> 
     </span>
    </p>

    <p class='ocr_par' dir='ltr' id='par_1_8' title="bbox 139 915 1616 988">
     <span class='ocr_line' id='line_1_8' title="bbox 139 915 1616 988; baseline 0.002 -20"><span class='ocrx_word' id='word_1_46' title='bbox 139 915 438 986; x_wconf 82' lang='lat' dir='ltr'>„Phyllidas</span> <span class='ocrx_word' id='word_1_47' title='bbox 456 955 470 980; x_wconf 86' lang='lat'>‚</span> <span class='ocrx_word' id='word_1_48' title='bbox 511 917 836 987; x_wconf 84' lang='lat' dir='ltr'>Hypsipylas‚</span> <span class='ocrx_word' id='word_1_49' title='bbox 876 929 1044 972; x_wconf 88' lang='lat' dir='ltr'>vatum</span> <span class='ocrx_word' id='word_1_50' title='bbox 1072 930 1121 971; x_wconf 89' lang='lat' dir='ltr'>et</span> <span class='ocrx_word' id='word_1_51' title='bbox 1147 920 1386 988; x_wconf 84' lang='lat' dir='ltr'>plorabile</span> <span class='ocrx_word' id='word_1_52' title='bbox 1413 921 1455 971; x_wconf 92' lang='lat' dir='ltr'>si</span> <span class='ocrx_word' id='word_1_53' title='bbox 1484 921 1616 988; x_wconf 77' lang='lat' dir='ltr'>quid,</span> 
     </span>
    </p>

    <p class='ocr_par' dir='ltr' id='par_1_9' title="bbox 138 1002 1832 1073">
     <span class='ocr_line' id='line_1_9' title="bbox 138 1002 1832 1073; baseline 0.002 -22"><span class='ocrx_word' id='word_1_54' title='bbox 138 1002 399 1068; x_wconf 84' lang='lat' dir='ltr'>‚,eliquat‚</span> <span class='ocrx_word' id='word_1_55' title='bbox 441 1020 499 1053; x_wconf 92' lang='lat' dir='ltr'>ac</span> <span class='ocrx_word' id='word_1_56' title='bbox 526 1011 700 1054; x_wconf 91' lang='lat' dir='ltr'>tenero</span> <span class='ocrx_word' id='word_1_57' title='bbox 728 1006 1010 1073; x_wconf 86' lang='lat' dir='ltr'>supplantat</span> <span class='ocrx_word' id='word_1_58' title='bbox 1036 1005 1189 1056; x_wconf 87' lang='lat' dir='ltr'>verba</span> <span class='ocrx_word' id='word_1_59' title='bbox 1218 1006 1400 1072; x_wconf 87' lang='lat' dir='ltr'>palato.</span> <span class='ocrx_word' id='word_1_60' title='bbox 1767 1004 1832 1056; x_wconf 85' lang='lat'>35</span> 
     </span>
    </p>

    <p class='ocr_par' dir='ltr' id='par_1_10' title="bbox 139 1085 1383 1157">
     <span class='ocr_line' id='line_1_10' title="bbox 139 1085 1383 1157; baseline 0.004 -22"><span class='ocrx_word' id='word_1_61' title='bbox 139 1085 467 1150; x_wconf 86' lang='lat' dir='ltr'>„Assensere</span> <span class='ocrx_word' id='word_1_62' title='bbox 493 1087 608 1137; x_wconf 86' lang='lat' dir='ltr'>viri.</span> <span class='ocrx_word' id='word_1_63' title='bbox 658 1105 788 1139; x_wconf 92' lang='lat' dir='ltr'>nunc</span> <span class='ocrx_word' id='word_1_64' title='bbox 820 1107 918 1140; x_wconf 91' lang='lat' dir='ltr'>non</span> <span class='ocrx_word' id='word_1_65' title='bbox 947 1089 1072 1139; x_wconf 89' lang='lat' dir='ltr'>cinis</span> <span class='ocrx_word' id='word_1_66' title='bbox 1098 1089 1182 1140; x_wconf 91' lang='lat' dir='ltr'>ille</span> <span class='ocrx_word' id='word_1_67' title='bbox 1208 1098 1383 1157; x_wconf 86' lang='lat' dir='ltr'>poetae</span> 
     </span>
    </p>

    <p class='ocr_par' dir='ltr' id='par_1_11' title="bbox 139 1171 1464 1241">
     <span class='ocr_line' id='line_1_11' title="bbox 139 1171 1464 1241; baseline 0.002 -21"><span class='ocrx_word' id='word_1_68' title='bbox 139 1171 343 1234; x_wconf 82' lang='lat' dir='ltr'>,‚felix?</span> <span class='ocrx_word' id='word_1_69' title='bbox 381 1189 481 1221; x_wconf 92' lang='lat' dir='ltr'>non</span> <span class='ocrx_word' id='word_1_70' title='bbox 508 1171 669 1222; x_wconf 89' lang='lat' dir='ltr'>levior</span> <span class='ocrx_word' id='word_1_71' title='bbox 694 1173 863 1240; x_wconf 83' lang='lat' dir='ltr'>cippus</span> <span class='ocrx_word' id='word_1_72' title='bbox 892 1190 1023 1223; x_wconf 88' lang='lat' dir='ltr'>nunc</span> <span class='ocrx_word' id='word_1_73' title='bbox 1049 1172 1286 1241; x_wconf 83' lang='lat' dir='ltr'>imprimit</span> <span class='ocrx_word' id='word_1_74' title='bbox 1312 1177 1464 1224; x_wconf 83' lang='lat' dir='ltr'>ossa?</span> 
     </span>
    </p>

    <p class='ocr_par' dir='ltr' id='par_1_12' title="bbox 138 1253 1468 1322">
     <span class='ocr_line' id='line_1_12' title="bbox 138 1253 1468 1322; baseline 0.002 -16"><span class='ocrx_word' id='word_1_75' title='bbox 138 1253 416 1319; x_wconf 81' lang='lat' dir='ltr'>„Laudant</span> <span class='ocrx_word' id='word_1_76' title='bbox 445 1255 706 1307; x_wconf 88' lang='lat' dir='ltr'>convivae.</span> <span class='ocrx_word' id='word_1_77' title='bbox 749 1275 879 1307; x_wconf 94' lang='lat' dir='ltr'>nunc</span> <span class='ocrx_word' id='word_1_78' title='bbox 908 1275 1007 1307; x_wconf 93' lang='lat' dir='ltr'>non</span> <span class='ocrx_word' id='word_1_79' title='bbox 1035 1274 1062 1307; x_wconf 94' lang='lat' dir='ltr'>e</span> <span class='ocrx_word' id='word_1_80' title='bbox 1088 1255 1323 1307; x_wconf 86' lang='lat' dir='ltr'>Manibus</span> <span class='ocrx_word' id='word_1_81' title='bbox 1352 1258 1468 1322; x_wconf 80' lang='lat' dir='ltr'>illis,</span> 
     </span>
    </p>

    <p class='ocr_par' dir='ltr' id='par_1_13' title="bbox 138 1341 1283 1406">
     <span class='ocr_line' id='line_1_13' title="bbox 138 1341 1283 1406; baseline 0.001 -16"><span class='ocrx_word' id='word_1_82' title='bbox 138 1358 315 1404; x_wconf 82' lang='lat' dir='ltr'>„nunc</span> <span class='ocrx_word' id='word_1_83' title='bbox 343 1358 444 1390; x_wconf 92' lang='lat' dir='ltr'>non</span> <span class='ocrx_word' id='word_1_84' title='bbox 470 1357 496 1390; x_wconf 95' lang='lat' dir='ltr'>e</span> <span class='ocrx_word' id='word_1_85' title='bbox 523 1342 710 1391; x_wconf 84' lang='lat' dir='ltr'>tumulo</span> <span class='ocrx_word' id='word_1_86' title='bbox 738 1342 1087 1406; x_wconf 86' lang='lat' dir='ltr'>fortunataque</span> <span class='ocrx_word' id='word_1_87' title='bbox 1116 1341 1283 1391; x_wconf 86' lang='lat' dir='ltr'>favilla</span> 
     </span>
    </p>

    <p class='ocr_par' dir='ltr' id='par_1_14' title="bbox 138 1421 1836 1488">
     <span class='ocr_line' id='line_1_14' title="bbox 138 1421 1836 1488; baseline 0.002 -14"><span class='ocrx_word' id='word_1_88' title='bbox 138 1433 456 1487; x_wconf 81' lang='lat' dir='ltr'>„nascentur</span> <span class='ocrx_word' id='word_1_89' title='bbox 480 1424 677 1475; x_wconf 82' lang='lat' dir='ltr'>violae?</span> <span class='ocrx_word' id='word_1_90' title='bbox 715 1425 878 1488; x_wconf 82' lang='lat' dir='ltr'>rides,</span> <span class='ocrx_word' id='word_1_91' title='bbox 920 1426 1016 1488; x_wconf 86' lang='lat' dir='ltr'>ait,</span> <span class='ocrx_word' id='word_1_92' title='bbox 1059 1433 1109 1475; x_wconf 91' lang='lat' dir='ltr'>et</span> <span class='ocrx_word' id='word_1_93' title='bbox 1136 1424 1280 1474; x_wconf 90' lang='lat' dir='ltr'>nimis</span> <span class='ocrx_word' id='word_1_94' title='bbox 1310 1425 1449 1476; x_wconf 85' lang='lat' dir='ltr'>uncis</span> <span class='ocrx_word' id='word_1_95' title='bbox 1765 1421 1836 1477; x_wconf 84' lang='grc'>40</span> 
     </span>
    </p>

    <p class='ocr_par' dir='ltr' id='par_1_15' title="bbox 139 1508 1383 1576">
     <span class='ocr_line' id='line_1_15' title="bbox 139 1508 1383 1576; baseline -0.001 -16"><span class='ocrx_word' id='word_1_96' title='bbox 139 1509 387 1573; x_wconf 80' lang='lat' dir='ltr'>„naribus</span> <span class='ocrx_word' id='word_1_97' title='bbox 414 1508 662 1576; x_wconf 85' lang='lat' dir='ltr'>indulges.</span> <span class='ocrx_word' id='word_1_98' title='bbox 705 1527 770 1560; x_wconf 87' lang='lat' dir='ltr'>an</span> <span class='ocrx_word' id='word_1_99' title='bbox 797 1509 893 1560; x_wconf 91' lang='lat' dir='ltr'>erit</span> <span class='ocrx_word' id='word_1_100' title='bbox 919 1509 999 1576; x_wconf 90' lang='lat' dir='ltr'>qui</span> <span class='ocrx_word' id='word_1_101' title='bbox 1027 1509 1155 1559; x_wconf 88' lang='lat' dir='ltr'>velle</span> <span class='ocrx_word' id='word_1_102' title='bbox 1181 1517 1383 1559; x_wconf 89' lang='lat' dir='ltr'>recuset</span> 
     </span>
    </p>

    <p class='ocr_par' dir='ltr' id='par_1_16' title="bbox 140 1593 1406 1662">
     <span class='ocr_line' id='line_1_16' title="bbox 140 1593 1406 1662; baseline -0.001 -18"><span class='ocrx_word' id='word_1_103' title='bbox 140 1612 241 1657; x_wconf 80' lang='lat' dir='ltr'>„os</span> <span class='ocrx_word' id='word_1_104' title='bbox 270 1593 435 1662; x_wconf 93' lang='lat' dir='ltr'>populi</span> <span class='ocrx_word' id='word_1_105' title='bbox 461 1593 738 1656; x_wconf 85' lang='lat' dir='ltr'>meruisse,</span> <span class='ocrx_word' id='word_1_106' title='bbox 783 1602 833 1644; x_wconf 89' lang='lat' dir='ltr'>et</span> <span class='ocrx_word' id='word_1_107' title='bbox 859 1595 1008 1644; x_wconf 84' lang='lat' dir='ltr'>cedro</span> <span class='ocrx_word' id='word_1_108' title='bbox 1037 1594 1185 1661; x_wconf 85' lang='lat' dir='ltr'>digna</span> <span class='ocrx_word' id='word_1_109' title='bbox 1211 1594 1406 1644; x_wconf 91' lang='lat' dir='ltr'>locutus</span> 
     </span>
    </p>

    <p class='ocr_par' dir='ltr' id='par_1_17' title="bbox 140 1678 1809 1828">
     <span class='ocr_line' id='line_1_17' title="bbox 140 1678 1809 1745; baseline -0.001 -16"><span class='ocrx_word' id='word_1_110' title='bbox 140 1678 411 1745; x_wconf 78' lang='lat' dir='ltr'>„linquere</span> <span class='ocrx_word' id='word_1_111' title='bbox 439 1695 532 1728; x_wconf 82' lang='lat' dir='ltr'>nec</span> <span class='ocrx_word' id='word_1_112' title='bbox 559 1678 816 1728; x_wconf 80' lang='lat' dir='ltr'>scombros</span> <span class='ocrx_word' id='word_1_113' title='bbox 844 1678 1114 1728; x_wconf 84' lang='lat' dir='ltr'>metuentia</span> <span class='ocrx_word' id='word_1_114' title='bbox 1142 1678 1390 1740; x_wconf 71' lang='lat' dir='ltr'>carmina‚</span> <span class='ocrx_word' id='word_1_115' title='bbox 1434 1694 1524 1727; x_wconf 77' lang='lat' dir='ltr'>nec</span> <span class='ocrx_word' id='word_1_116' title='bbox 1553 1679 1711 1728; x_wconf 83' lang='lat' dir='ltr'>tus?“</span> <span class='ocrx_word' id='word_1_117' title='bbox 1743 1709 1809 1714; x_wconf 80' lang='lat'>——</span> 
     </span>
     <span class='ocr_line' id='line_1_18' title="bbox 226 1759 1760 1828; baseline 0.001 -17"><span class='ocrx_word' id='word_1_118' title='bbox 226 1794 229 1797; x_wconf 77' lang='lat'><em>,</em></span> <span class='ocrx_word' id='word_1_119' title='bbox 277 1759 515 1828; x_wconf 81' lang='lat' dir='ltr'>Quisquis</span> <span class='ocrx_word' id='word_1_120' title='bbox 544 1779 596 1812; x_wconf 92' lang='lat' dir='ltr'>es</span> <span class='ocrx_word' id='word_1_121' title='bbox 616 1797 629 1824; x_wconf 80' lang='lat'>‚</span> <span class='ocrx_word' id='word_1_122' title='bbox 675 1780 734 1825; x_wconf 74' lang='grc' dir='ltr'>ο,</span> <span class='ocrx_word' id='word_1_123' title='bbox 776 1761 920 1811; x_wconf 90' lang='lat' dir='ltr'>modo</span> <span class='ocrx_word' id='word_1_124' title='bbox 949 1778 1091 1827; x_wconf 86' lang='lat' dir='ltr'>quem</span> <span class='ocrx_word' id='word_1_125' title='bbox 1119 1779 1186 1812; x_wconf 82' lang='lat' dir='ltr'>ex</span> <span class='ocrx_word' id='word_1_126' title='bbox 1211 1763 1423 1812; x_wconf 84' lang='lat' dir='ltr'>adverso</span> <span class='ocrx_word' id='word_1_127' title='bbox 1453 1763 1619 1813; x_wconf 88' lang='lat' dir='ltr'>dicere</span> <span class='ocrx_word' id='word_1_128' title='bbox 1646 1762 1760 1826; x_wconf 74' lang='lat' dir='ltr'>feci,</span> 
     </span>
    </p>

    <p class='ocr_par' dir='ltr' id='par_1_18' title="bbox 136 1845 1832 1914">
     <span class='ocr_line' id='line_1_19' title="bbox 136 1845 1832 1914; baseline 0.001 -17"><span class='ocrx_word' id='word_1_129' title='bbox 136 1863 237 1897; x_wconf 89' lang='lat' dir='ltr'>non</span> <span class='ocrx_word' id='word_1_130' title='bbox 264 1862 388 1912; x_wconf 80' lang='lat' dir='ltr'>ego,</span> <span class='ocrx_word' id='word_1_131' title='bbox 433 1864 542 1896; x_wconf 91' lang='lat' dir='ltr'>cum</span> <span class='ocrx_word' id='word_1_132' title='bbox 570 1846 735 1896; x_wconf 87' lang='lat' dir='ltr'>scribo</span> <span class='ocrx_word' id='word_1_133' title='bbox 755 1884 768 1908; x_wconf 83' lang='lat'>‚</span> <span class='ocrx_word' id='word_1_134' title='bbox 810 1846 851 1896; x_wconf 93' lang='lat' dir='ltr'>si</span> <span class='ocrx_word' id='word_1_135' title='bbox 890 1846 1018 1895; x_wconf 84' lang='lat' dir='ltr'>sorte</span> <span class='ocrx_word' id='word_1_136' title='bbox 1048 1845 1160 1911; x_wconf 91' lang='lat' dir='ltr'>quid</span> <span class='ocrx_word' id='word_1_137' title='bbox 1187 1846 1348 1914; x_wconf 85' lang='lat' dir='ltr'>aptius</span> <span class='ocrx_word' id='word_1_138' title='bbox 1377 1847 1500 1908; x_wconf 73' lang='lat' dir='ltr'>exit,</span> <span class='ocrx_word' id='word_1_139' title='bbox 1767 1846 1832 1898; x_wconf 76' lang='lat'>45</span> 
     </span>
    </p>

    <p class='ocr_par' dir='ltr' id='par_1_19' title="bbox 137 1930 1746 1999">
     <span class='ocr_line' id='line_1_20' title="bbox 137 1930 1746 1999; baseline 0.001 -19"><span class='ocrx_word' id='word_1_140' title='bbox 137 1948 428 1998; x_wconf 86' lang='lat' dir='ltr'>quamquam</span> <span class='ocrx_word' id='word_1_141' title='bbox 457 1930 578 1981; x_wconf 87' lang='lat' dir='ltr'>haec</span> <span class='ocrx_word' id='word_1_142' title='bbox 605 1948 721 1981; x_wconf 88' lang='lat' dir='ltr'>rara</span> <span class='ocrx_word' id='word_1_143' title='bbox 747 1931 854 1981; x_wconf 90' lang='lat' dir='ltr'>avis</span> <span class='ocrx_word' id='word_1_144' title='bbox 883 1939 987 1992; x_wconf 87' lang='lat' dir='ltr'>est,</span> <span class='ocrx_word' id='word_1_145' title='bbox 1029 1930 1072 1980; x_wconf 91' lang='lat' dir='ltr'>si</span> <span class='ocrx_word' id='word_1_146' title='bbox 1100 1931 1213 1997; x_wconf 90' lang='lat' dir='ltr'>quid</span> <span class='ocrx_word' id='word_1_147' title='bbox 1241 1939 1405 1981; x_wconf 87' lang='lat' dir='ltr'>tamen</span> <span class='ocrx_word' id='word_1_148' title='bbox 1431 1932 1592 1999; x_wconf 86' lang='lat' dir='ltr'>aptius</span> <span class='ocrx_word' id='word_1_149' title='bbox 1620 1932 1746 1993; x_wconf 74' lang='lat' dir='ltr'>exit,</span> 
     </span>
    </p>

    <p class='ocr_par' dir='ltr' id='par_1_20' title="bbox 134 2014 1602 2080">
     <span class='ocr_line' id='line_1_21' title="bbox 134 2014 1602 2080; baseline 0 -13"><span class='ocrx_word' id='word_1_150' title='bbox 134 2016 326 2067; x_wconf 88' lang='lat' dir='ltr'>laudari</span> <span class='ocrx_word' id='word_1_151' title='bbox 353 2023 597 2065; x_wconf 85' lang='lat' dir='ltr'>metuam:</span> <span class='ocrx_word' id='word_1_152' title='bbox 647 2032 808 2080; x_wconf 88' lang='lat' dir='ltr'>neque</span> <span class='ocrx_word' id='word_1_153' title='bbox 835 2015 965 2065; x_wconf 85' lang='lat' dir='ltr'>enim</span> <span class='ocrx_word' id='word_1_154' title='bbox 993 2014 1111 2064; x_wconf 87' lang='lat' dir='ltr'>mihi</span> <span class='ocrx_word' id='word_1_155' title='bbox 1140 2032 1323 2065; x_wconf 86' lang='lat' dir='ltr'>cornea</span> <span class='ocrx_word' id='word_1_156' title='bbox 1352 2016 1474 2066; x_wconf 83' lang='lat' dir='ltr'>fibra</span> <span class='ocrx_word' id='word_1_157' title='bbox 1501 2025 1602 2067; x_wconf 81' lang='lat' dir='ltr'>cst:</span> 
     </span>
    </p>

    <p class='ocr_par' dir='ltr' id='par_1_21' title="bbox 136 2098 1399 2166">
     <span class='ocr_line' id='line_1_22' title="bbox 136 2098 1399 2166; baseline -0.002 -14"><span class='ocrx_word' id='word_1_158' title='bbox 136 2101 224 2152; x_wconf 84' lang='lat' dir='ltr'>sed</span> <span class='ocrx_word' id='word_1_159' title='bbox 250 2098 377 2150; x_wconf 88' lang='lat' dir='ltr'>recti</span> <span class='ocrx_word' id='word_1_160' title='bbox 403 2100 646 2166; x_wconf 88' lang='lat' dir='ltr'>finemque</span> <span class='ocrx_word' id='word_1_161' title='bbox 674 2107 1052 2165; x_wconf 75' lang='lat' dir='ltr'>extremumque</span> <span class='ocrx_word' id='word_1_162' title='bbox 1080 2116 1192 2149; x_wconf 89' lang='lat' dir='ltr'>esse</span> <span class='ocrx_word' id='word_1_163' title='bbox 1220 2117 1399 2150; x_wconf 83' lang='lat' dir='ltr'>recuso</span> 
     </span>
    </p>

    <p class='ocr_par' dir='ltr' id='par_1_22' title="bbox 136 2181 1554 2254">
     <span class='ocr_line' id='line_1_23' title="bbox 136 2181 1554 2254; baseline -0.001 -19"><span class='ocrx_word' id='word_1_164' title='bbox 136 2197 269 2254; x_wconf 74' lang='lat' dir='ltr'>euge</span> <span class='ocrx_word' id='word_1_165' title='bbox 297 2192 431 2234; x_wconf 86' lang='lat' dir='ltr'>tuum</span> <span class='ocrx_word' id='word_1_166' title='bbox 459 2194 509 2234; x_wconf 88' lang='lat' dir='ltr'>ct</span> <span class='ocrx_word' id='word_1_167' title='bbox 534 2184 682 2234; x_wconf 84' lang='lat' dir='ltr'>belle.</span> <span class='ocrx_word' id='word_1_168' title='bbox 723 2181 857 2233; x_wconf 90' lang='lat' dir='ltr'>Nam</span> <span class='ocrx_word' id='word_1_169' title='bbox 884 2182 1013 2234; x_wconf 90' lang='lat' dir='ltr'>belle</span> <span class='ocrx_word' id='word_1_170' title='bbox 1042 2183 1132 2233; x_wconf 92' lang='lat' dir='ltr'>hoc</span> <span class='ocrx_word' id='word_1_171' title='bbox 1167 2192 1349 2233; x_wconf 86' lang='lat' dir='ltr'>excute</span> <span class='ocrx_word' id='word_1_172' title='bbox 1378 2193 1554 2245; x_wconf 83' lang='lat' dir='ltr'>totum,</span> 
     </span>
    </p>

    <p class='ocr_par' dir='ltr' id='par_1_23' title="bbox 136 2264 1836 2337">
     <span class='ocr_line' id='line_1_24' title="bbox 136 2264 1836 2337; baseline -0.001 -17"><span class='ocrx_word' id='word_1_173' title='bbox 136 2269 251 2337; x_wconf 89' lang='lat' dir='ltr'>quid</span> <span class='ocrx_word' id='word_1_174' title='bbox 278 2286 377 2320; x_wconf 91' lang='lat' dir='ltr'>non</span> <span class='ocrx_word' id='word_1_175' title='bbox 402 2268 537 2319; x_wconf 86' lang='lat' dir='ltr'>intus</span> <span class='ocrx_word' id='word_1_176' title='bbox 564 2268 746 2318; x_wconf 86' lang='lat' dir='ltr'>habet?</span> <span class='ocrx_word' id='word_1_177' title='bbox 782 2266 904 2318; x_wconf 92' lang='lat' dir='ltr'>Non</span> <span class='ocrx_word' id='word_1_178' title='bbox 932 2268 1010 2318; x_wconf 93' lang='lat' dir='ltr'>hic</span> <span class='ocrx_word' id='word_1_179' title='bbox 1037 2274 1115 2318; x_wconf 89' lang='lat' dir='ltr'>est</span> <span class='ocrx_word' id='word_1_180' title='bbox 1148 2264 1265 2318; x_wconf 87' lang='lat' dir='ltr'>Ilias</span> <span class='ocrx_word' id='word_1_181' title='bbox 1293 2266 1420 2318; x_wconf 82' lang='lat' dir='ltr'>Acci</span> <span class='ocrx_word' id='word_1_182' title='bbox 1769 2264 1836 2318; x_wconf 74' lang='lat'>50</span> 
     </span>
    </p>

    <p class='ocr_par' dir='ltr' id='par_1_24' title="bbox 137 2352 1312 2420">
     <span class='ocr_line' id='line_1_25' title="bbox 137 2352 1312 2420; baseline -0.001 -17"><span class='ocrx_word' id='word_1_183' title='bbox 137 2353 275 2404; x_wconf 88' lang='lat' dir='ltr'>ebria</span> <span class='ocrx_word' id='word_1_184' title='bbox 299 2354 538 2404; x_wconf 86' lang='lat' dir='ltr'>veratro?</span> <span class='ocrx_word' id='word_1_185' title='bbox 576 2368 707 2413; x_wconf 90' lang='lat' dir='ltr'>non,</span> <span class='ocrx_word' id='word_1_186' title='bbox 744 2352 786 2402; x_wconf 92' lang='lat' dir='ltr'>si</span> <span class='ocrx_word' id='word_1_187' title='bbox 814 2371 909 2418; x_wconf 88' lang='lat' dir='ltr'>qua</span> <span class='ocrx_word' id='word_1_188' title='bbox 936 2352 1146 2420; x_wconf 85' lang='lat' dir='ltr'>elegidia</span> <span class='ocrx_word' id='word_1_189' title='bbox 1173 2352 1312 2402; x_wconf 82' lang='lat' dir='ltr'>crudi</span> 
     </span>
    </p>

    <p class='ocr_par' dir='ltr' id='par_1_25' title="bbox 136 2435 1523 2505">
     <span class='ocr_line' id='line_1_26' title="bbox 136 2435 1523 2505; baseline -0.003 -16"><span class='ocrx_word' id='word_1_190' title='bbox 136 2438 387 2489; x_wconf 88' lang='lat' dir='ltr'>dictarunt</span> <span class='ocrx_word' id='word_1_191' title='bbox 412 2437 681 2505; x_wconf 85' lang='lat' dir='ltr'>proceres?</span> <span class='ocrx_word' id='word_1_192' title='bbox 718 2453 846 2500; x_wconf 91' lang='lat' dir='ltr'>non,</span> <span class='ocrx_word' id='word_1_193' title='bbox 889 2437 1116 2505; x_wconf 90' lang='lat' dir='ltr'>quicquid</span> <span class='ocrx_word' id='word_1_194' title='bbox 1145 2437 1354 2503; x_wconf 86' lang='lat' dir='ltr'>denique</span> <span class='ocrx_word' id='word_1_195' title='bbox 1381 2435 1523 2486; x_wconf 85' lang='lat' dir='ltr'>lectis</span> 
     </span>
    </p>

    <p class='ocr_par' dir='ltr' id='par_1_26' title="bbox 135 2516 1506 2589">
     <span class='ocr_line' id='line_1_27' title="bbox 135 2516 1506 2589; baseline -0.004 -16"><span class='ocrx_word' id='word_1_196' title='bbox 135 2522 374 2573; x_wconf 87' lang='lat' dir='ltr'>scribitur</span> <span class='ocrx_word' id='word_1_197' title='bbox 397 2522 449 2572; x_wconf 90' lang='lat' dir='ltr'>in</span> <span class='ocrx_word' id='word_1_198' title='bbox 476 2521 682 2572; x_wconf 86' lang='lat' dir='ltr'>citreis?</span> <span class='ocrx_word' id='word_1_199' title='bbox 721 2516 946 2572; x_wconf 88' lang='lat' dir='ltr'>Calidum</span> <span class='ocrx_word' id='word_1_200' title='bbox 974 2522 1074 2572; x_wconf 89' lang='lat' dir='ltr'>scis</span> <span class='ocrx_word' id='word_1_201' title='bbox 1102 2538 1286 2589; x_wconf 90' lang='lat' dir='ltr'>ponere</span> <span class='ocrx_word' id='word_1_202' title='bbox 1313 2537 1506 2581; x_wconf 85' lang='lat' dir='ltr'>sumen,</span> 
     </span>
    </p>

    <p class='ocr_par' dir='ltr' id='par_1_27' title="bbox 136 2606 1428 2666">
     <span class='ocr_line' id='line_1_28' title="bbox 136 2606 1428 2666; baseline -0.005 -7"><span class='ocrx_word' id='word_1_203' title='bbox 136 2607 236 2659; x_wconf 86' lang='lat' dir='ltr'>scis</span> <span class='ocrx_word' id='word_1_204' title='bbox 264 2606 493 2658; x_wconf 88' lang='lat' dir='ltr'>comitem</span> <span class='ocrx_word' id='word_1_205' title='bbox 522 2606 825 2656; x_wconf 86' lang='lat' dir='ltr'>horridulum</span> <span class='ocrx_word' id='word_1_206' title='bbox 853 2607 970 2657; x_wconf 91' lang='lat' dir='ltr'>trita</span> <span class='ocrx_word' id='word_1_207' title='bbox 998 2607 1182 2656; x_wconf 88' lang='lat' dir='ltr'>donare</span> <span class='ocrx_word' id='word_1_208' title='bbox 1209 2606 1428 2666; x_wconf 85' lang='lat' dir='ltr'>lacerna,</span> 
     </span>
    </p>

    <p class='ocr_par' dir='ltr' id='par_1_28' title="bbox 138 2688 1831 2755">
     <span class='ocr_line' id='line_1_29' title="bbox 138 2688 1831 2755; baseline -0.004 -12"><span class='ocrx_word' id='word_1_209' title='bbox 138 2700 219 2754; x_wconf 84' lang='lat' dir='ltr'>et,</span> <span class='ocrx_word' id='word_1_210' title='bbox 262 2689 450 2743; x_wconf 89' lang='lat' dir='ltr'>Verum</span> <span class='ocrx_word' id='word_1_211' title='bbox 475 2729 488 2752; x_wconf 85' lang='lat'>‚</span> <span class='ocrx_word' id='word_1_212' title='bbox 529 2689 692 2755; x_wconf 92' lang='lat' dir='ltr'>inquis</span> <span class='ocrx_word' id='word_1_213' title='bbox 712 2728 726 2752; x_wconf 85' lang='lat'>‚</span> <span class='ocrx_word' id='word_1_214' title='bbox 767 2708 909 2753; x_wconf 83' lang='lat' dir='ltr'>amo3</span> <span class='ocrx_word' id='word_1_215' title='bbox 950 2707 1121 2740; x_wconf 88' lang='lat' dir='ltr'>verum</span> <span class='ocrx_word' id='word_1_216' title='bbox 1152 2689 1266 2738; x_wconf 85' lang='lat' dir='ltr'>mihi</span> <span class='ocrx_word' id='word_1_217' title='bbox 1294 2689 1439 2739; x_wconf 85' lang='lat' dir='ltr'>dicite</span> <span class='ocrx_word' id='word_1_218' title='bbox 1468 2689 1525 2740; x_wconf 84' lang='lat' dir='ltr'>(le</span> <span class='ocrx_word' id='word_1_219' title='bbox 1553 2706 1649 2739; x_wconf 82' lang='lat' dir='ltr'>mc.</span> <span class='ocrx_word' id='word_1_220' title='bbox 1763 2688 1831 2738; x_wconf 77' lang='lat'>55</span> 
     </span>
    </p>

    <p class='ocr_par' dir='ltr' id='par_1_29' title="bbox 137 2772 1514 2844">
     <span class='ocr_line' id='line_1_30' title="bbox 137 2772 1514 2844; baseline -0.004 -17"><span class='ocrx_word' id='word_1_221' title='bbox 137 2773 389 2844; x_wconf 80' lang='lat' dir='ltr'>Quipote?</span> <span class='ocrx_word' id='word_1_222' title='bbox 425 2772 519 2826; x_wconf 91' lang='lat' dir='ltr'>Vis</span> <span class='ocrx_word' id='word_1_223' title='bbox 547 2774 741 2824; x_wconf 84' lang='lat' dir='ltr'>dicam?</span> <span class='ocrx_word' id='word_1_224' title='bbox 779 2774 1015 2840; x_wconf 78' lang='lat' dir='ltr'>nugaris,</span> <span class='ocrx_word' id='word_1_225' title='bbox 1059 2791 1165 2822; x_wconf 86' lang='lat' dir='ltr'>cum</span> <span class='ocrx_word' id='word_1_226' title='bbox 1197 2773 1311 2831; x_wconf 78' lang='lat' dir='ltr'>tihi,</span> <span class='ocrx_word' id='word_1_227' title='bbox 1355 2774 1514 2835; x_wconf 79' lang='lat' dir='ltr'>calve,</span> 
     </span>
    </p>

    <p class='ocr_par' dir='ltr' id='par_1_30' title="bbox 136 2858 1435 2928">
     <span class='ocr_line' id='line_1_31' title="bbox 136 2858 1435 2928; baseline -0.004 -17"><span class='ocrx_word' id='word_1_228' title='bbox 136 2860 332 2928; x_wconf 84' lang='lat' dir='ltr'>pinguis</span> <span class='ocrx_word' id='word_1_229' title='bbox 359 2859 664 2925; x_wconf 83' lang='lat' dir='ltr'>aqualiculus</span> <span class='ocrx_word' id='word_1_230' title='bbox 692 2867 927 2925; x_wconf 87' lang='lat' dir='ltr'>protenso</span> <span class='ocrx_word' id='word_1_231' title='bbox 955 2858 1246 2924; x_wconf 68' lang='lat' dir='ltr'>sesquipede</span> <span class='ocrx_word' id='word_1_232' title='bbox 1276 2865 1435 2907; x_wconf 71' lang='lat' dir='ltr'>extet.</span> 
     </span>
    </p>

    <p class='ocr_par' dir='ltr' id='par_1_31' title="bbox 138 2941 1354 3009">
     <span class='ocr_line' id='line_1_32' title="bbox 138 2941 1354 3009; baseline -0.004 -13"><span class='ocrx_word' id='word_1_233' title='bbox 138 2941 183 2996; x_wconf 88' lang='grc' dir='ltr'>Ο</span> <span class='ocrx_word' id='word_1_234' title='bbox 208 2941 335 2995; x_wconf 87' lang='lat' dir='ltr'>Jane</span> <span class='ocrx_word' id='word_1_235' title='bbox 354 2982 368 3008; x_wconf 84' lang='lat'>,</span> <span class='ocrx_word' id='word_1_236' title='bbox 409 2961 438 2994; x_wconf 91' lang='lat' dir='ltr'>a</span> <span class='ocrx_word' id='word_1_237' title='bbox 464 2952 608 3009; x_wconf 88' lang='lat' dir='ltr'>tergo</span> <span class='ocrx_word' id='word_1_238' title='bbox 635 2959 778 3008; x_wconf 89' lang='lat' dir='ltr'>quem</span> <span class='ocrx_word' id='word_1_239' title='bbox 806 2942 936 2993; x_wconf 86' lang='lat' dir='ltr'>nulla</span> <span class='ocrx_word' id='word_1_240' title='bbox 965 2941 1158 2993; x_wconf 87' lang='lat' dir='ltr'>ciconia</span> <span class='ocrx_word' id='word_1_241' title='bbox 1184 2942 1354 3009; x_wconf 84' lang='lat' dir='ltr'>pinsit,</span> 
     </span>
    </p>
   </div>
   <div class='ocr_carea' id='block_1_3' title="bbox 132 3124 1830 3395">
    <p class='ocr_par' dir='ltr' id='par_1_32' title="bbox 132 3124 1830 3351">
     <span class='ocr_line' id='line_1_33' title="bbox 139 3124 1830 3180; baseline -0.001 -12"><span class='ocrx_word' id='word_1_242' title='bbox 139 3139 184 3168; x_wconf 78' lang='lat' dir='ltr'>v.</span> <span class='ocrx_word' id='word_1_243' title='bbox 217 3127 274 3172; x_wconf 81' lang='lat'>28</span> <span class='ocrx_word' id='word_1_244' title='bbox 312 3126 524 3180; x_wconf 81' lang='lat' dir='ltr'>pulcrum.</span> <span class='ocrx_word' id='word_1_245' title='bbox 553 3132 623 3168; x_wconf 75' lang='lat' dir='ltr'>est</span> <span class='ocrx_word' id='word_1_246' title='bbox 653 3141 692 3180; x_wconf 91' lang='lat' dir='ltr'>p.</span> <span class='ocrx_word' id='word_1_247' title='bbox 724 3141 762 3168; x_wconf 83' lang='lat' dir='ltr'>c.</span> <span class='ocrx_word' id='word_1_248' title='bbox 799 3141 834 3167; x_wconf 85' lang='lat' dir='ltr'>r.</span> <span class='ocrx_word' id='word_1_249' title='bbox 925 3131 996 3168; x_wconf 75' lang='lat' dir='ltr'>est</span> <span class='ocrx_word' id='word_1_250' title='bbox 1011 3139 1092 3168; x_wconf 87' lang='lat' dir='ltr'>om.</span> <span class='ocrx_word' id='word_1_251' title='bbox 1117 3127 1252 3168; x_wconf 82' lang='lat' dir='ltr'>Prisc.</span> <span class='ocrx_word' id='word_1_252' title='bbox 1276 3133 1307 3167; x_wconf 81' lang='lat' dir='ltr'>t.</span> <span class='ocrx_word' id='word_1_253' title='bbox 1335 3124 1368 3165; x_wconf 91' lang='grc' dir='ltr'>ΙΙ</span> <span class='ocrx_word' id='word_1_254' title='bbox 1391 3139 1430 3178; x_wconf 87' lang='lat' dir='ltr'>p.</span> <span class='ocrx_word' id='word_1_255' title='bbox 1461 3124 1632 3166; x_wconf 59' lang='lat'>12:31512</span> <span class='ocrx_word' id='word_1_256' title='bbox 1710 3139 1749 3166; x_wconf 87' lang='lat' dir='ltr'>v.</span> <span class='ocrx_word' id='word_1_257' title='bbox 1776 3127 1830 3166; x_wconf 77' lang='lat'>:30</span> 
     </span>
     <span class='ocr_line' id='line_1_34' title="bbox 132 3183 1828 3238; baseline -0.001 -14"><span class='ocrx_word' id='word_1_258' title='bbox 132 3184 297 3237; x_wconf 76' lang='lat' dir='ltr'>pendes</span> <span class='ocrx_word' id='word_1_259' title='bbox 321 3198 360 3238; x_wconf 90' lang='lat' dir='ltr'>p.</span> <span class='ocrx_word' id='word_1_260' title='bbox 447 3196 488 3224; x_wconf 90' lang='lat' dir='ltr'>v.</span> <span class='ocrx_word' id='word_1_261' title='bbox 526 3184 581 3227; x_wconf 83' lang='lat'>32</span> <span class='ocrx_word' id='word_1_262' title='bbox 611 3186 899 3238; x_wconf 72' lang='lat' dir='ltr'>liyact‘utleina</span> <span class='ocrx_word' id='word_1_263' title='bbox 934 3199 970 3238; x_wconf 88' lang='lat' dir='ltr'>p.</span> <span class='ocrx_word' id='word_1_264' title='bbox 1005 3197 1041 3225; x_wconf 83' lang='lat' dir='ltr'>c.</span> <span class='ocrx_word' id='word_1_265' title='bbox 1077 3197 1113 3225; x_wconf 77' lang='lat' dir='ltr'>r.</span> <span class='ocrx_word' id='word_1_266' title='bbox 1202 3183 1424 3238; x_wconf 70' lang='lat' dir='ltr'>tyr-ianth.</span> <span class='ocrx_word' id='word_1_267' title='bbox 1461 3196 1482 3220; x_wconf 84' lang='lat' dir='ltr'>c</span> <span class='ocrx_word' id='word_1_268' title='bbox 1506 3184 1615 3222; x_wconf 78' lang='lat' dir='ltr'>coni.</span> <span class='ocrx_word' id='word_1_269' title='bbox 1709 3196 1749 3222; x_wconf 83' lang='lat' dir='ltr'>v.</span> <span class='ocrx_word' id='word_1_270' title='bbox 1775 3184 1828 3222; x_wconf 69' lang='lat'>:35</span> 
     </span>
     <span class='ocr_line' id='line_1_35' title="bbox 140 3240 1829 3295; baseline 0 -16"><span class='ocrx_word' id='word_1_271' title='bbox 140 3245 186 3280; x_wconf 65' lang='lat' dir='ltr'>eit</span> <span class='ocrx_word' id='word_1_272' title='bbox 217 3245 304 3282; x_wconf 72' lang='lat' dir='ltr'>ten.</span> <span class='ocrx_word' id='word_1_273' title='bbox 339 3253 377 3295; x_wconf 89' lang='lat' dir='ltr'>p.</span> <span class='ocrx_word' id='word_1_274' title='bbox 403 3253 439 3281; x_wconf 86' lang='lat' dir='ltr'>c.</span> <span class='ocrx_word' id='word_1_275' title='bbox 466 3254 502 3280; x_wconf 82' lang='lat' dir='ltr'>r.</span> <span class='ocrx_word' id='word_1_276' title='bbox 567 3255 606 3281; x_wconf 92' lang='lat' dir='ltr'>v.</span> <span class='ocrx_word' id='word_1_277' title='bbox 640 3242 693 3283; x_wconf 75' lang='grc'>46</span> <span class='ocrx_word' id='word_1_278' title='bbox 727 3241 902 3293; x_wconf 77' lang='lat' dir='ltr'>quando</span> <span class='ocrx_word' id='word_1_279' title='bbox 925 3254 964 3293; x_wconf 88' lang='lat' dir='ltr'>p.</span> <span class='ocrx_word' id='word_1_280' title='bbox 988 3254 1024 3280; x_wconf 86' lang='lat' dir='ltr'>c.</span> <span class='ocrx_word' id='word_1_281' title='bbox 1051 3255 1086 3281; x_wconf 84' lang='lat' dir='ltr'>r.</span> <span class='ocrx_word' id='word_1_282' title='bbox 1149 3252 1414 3293; x_wconf 75' lang='lat' dir='ltr'>quamquam</span> <span class='ocrx_word' id='word_1_283' title='bbox 1446 3253 1468 3277; x_wconf 81' lang='lat' dir='ltr'>c</span> <span class='ocrx_word' id='word_1_284' title='bbox 1501 3241 1611 3279; x_wconf 72' lang='lat' dir='ltr'>coni.</span> <span class='ocrx_word' id='word_1_285' title='bbox 1644 3240 1829 3293; x_wconf 75' lang='lat' dir='ltr'>Scoppne</span> 
     </span>
     <span class='ocr_line' id='line_1_36' title="bbox 140 3297 1463 3351; baseline -0.002 -14"><span class='ocrx_word' id='word_1_286' title='bbox 140 3297 237 3337; x_wconf 83' lang='lat' dir='ltr'>coll.</span> <span class='ocrx_word' id='word_1_287' title='bbox 265 3297 314 3344; x_wconf 89' lang='lat' dir='ltr'>ll,</span> <span class='ocrx_word' id='word_1_288' title='bbox 341 3299 408 3339; x_wconf 79' lang='lat'>12.</span> <span class='ocrx_word' id='word_1_289' title='bbox 473 3310 512 3337; x_wconf 91' lang='lat' dir='ltr'>v.</span> <span class='ocrx_word' id='word_1_290' title='bbox 540 3298 591 3338; x_wconf 82' lang='lat'>50</span> <span class='ocrx_word' id='word_1_291' title='bbox 624 3298 726 3338; x_wconf 76' lang='lat' dir='ltr'>Am</span> <span class='ocrx_word' id='word_1_292' title='bbox 748 3311 786 3351; x_wconf 84' lang='lat' dir='ltr'>p.</span> <span class='ocrx_word' id='word_1_293' title='bbox 811 3312 848 3338; x_wconf 81' lang='lat' dir='ltr'>c.</span> <span class='ocrx_word' id='word_1_294' title='bbox 913 3311 953 3338; x_wconf 89' lang='lat' dir='ltr'>v.</span> <span class='ocrx_word' id='word_1_295' title='bbox 979 3299 1025 3339; x_wconf 83' lang='lat'>57</span> <span class='ocrx_word' id='word_1_296' title='bbox 1052 3311 1275 3351; x_wconf 66' lang='lat' dir='ltr'>propenso</span> <span class='ocrx_word' id='word_1_297' title='bbox 1299 3311 1336 3350; x_wconf 88' lang='lat' dir='ltr'>p.</span> <span class='ocrx_word' id='word_1_298' title='bbox 1363 3311 1401 3335; x_wconf 84' lang='lat' dir='ltr'>c.</span> <span class='ocrx_word' id='word_1_299' title='bbox 1430 3309 1463 3334; x_wconf 83' lang='grc' dir='ltr'>ι·.</span> 
     </span>
    </p>

    <p class='ocr_par' dir='ltr' id='par_1_33' title="bbox 1449 3364 1480 3395">
     <span class='ocr_line' id='line_1_37' title="bbox 1449 3364 1480 3395; baseline 0 0"><span class='ocrx_word' id='word_1_300' title='bbox 1449 3364 1480 3395; x_wconf 81' lang='grc'>·)</span> 
     </span>
    </p>
   </div>
  </div>
 </body>
</html>
