2174 3728
796 234 1144 286 SATIRA
1217 236 1277 284 V.

179 377 377 442 „verba
405 384 550 443 togae
577 376 801 442 sequeris
828 376 1059 426 iunctura
1086 374 1289 424 callidus
1316 373 1440 436 acri,

178 479 310 526 „ore
338 470 471 512 teres
499 460 719 521 modico,
762 459 990 526 pallentis
1017 459 1196 508 radere
1229 475 1395 508 mores

178 546 395 610 „doctus
423 553 474 594 et
499 544 716 610 ingenuo
745 544 936 611 culpam
963 542 1177 608 defigere
1204 542 1338 591 ludo.

177 628 354 694 „Hinc
380 629 521 678 trahe
550 643 674 694 quae
702 627 834 677 dicas
855 665 868 689 ,
910 643 1206 691 mensasque
1232 626 1458 691 relinque
1482 622 1716 693 Mycenis

177 731 330 776 „cum
360 712 518 780 capite
545 719 595 761 et
620 710 822 777 pedibus
841 749 854 773 ,
897 709 1186 778 plebeiaque
1213 709 1418 776 prandia
1444 709 1650 759 noris.“
1680 740 1749 747 -

315 794 438 846 Non
465 795 690 861 equidem
718 795 809 844 hoc
836 794 1038 855 stude0,
1080 794 1277 860 pullatis
1314 802 1369 843 ut
1402 794 1522 844 mihi
1549 794 1694 861 nugis

179 881 355 948 pagina
382 888 638 945 turgescat
665 879 783 929 dare
810 879 998 945 pondus
1025 878 1204 927 idonea
1231 878 1382 927 fumo.

175 961 372 1016 Secreti
399 963 675 1028 loquimur,
719 962 808 1012 tibi
846 979 1008 1024 nunc,
1050 961 1281 1011 hortante
1319 958 1562 1024 Camena,

176 1047 473 1099 excutienda
503 1048 672 1096 damus
700 1046 991 1114 praecordia
1011 1084 1024 1108 ,
1068 1055 1347 1112 quantaque
1375 1056 1579 1097 nostrae

175 1149 289 1200 pars
317 1140 402 1181 tua
429 1132 515 1194 sit,
544 1126 770 1181 Cornuto
789 1170 801 1194 ,
843 1130 1058 1193 animae,
1098 1131 1205 1193 tibi,
1239 1131 1393 1181 dulcis
1421 1132 1598 1193 amice,

176 1216 456 1267 ostendisse
495 1215 659 1265 iuvat:
704 1216 875 1282 pulsa,
918 1215 1211 1281 dignoscere
1248 1224 1422 1265 cautus

176 1301 290 1368 quid
317 1300 526 1350 solidum
554 1307 755 1364 crepet,
799 1307 848 1348 et
875 1299 1033 1364 pictae
1061 1300 1272 1349 tectoria
1298 1300 1518 1367 linguae.

175 1383 268 1434 His
297 1401 388 1451 ego
417 1391 651 1433 centenas
680 1382 836 1431 ausim
865 1383 1133 1449 deposcere
1162 1384 1348 1446 fauces,

174 1476 260 1530 ut,
303 1476 537 1533 quantum
564 1466 683 1516 mihi
710 1475 758 1516 te
785 1465 989 1515 sinuoso
1018 1466 1070 1515 in
1107 1475 1308 1534 pectore
1347 1468 1456 1531 fixi,

176 1567 298 1601 voce
324 1551 515 1601 traham
543 1568 663 1618 pura
683 1589 696 1613 ,
738 1558 993 1616 totumque
1022 1551 1114 1600 hoc
1139 1551 1294 1601 verba
1318 1553 1598 1620 resignent,

178 1634 304 1702 quod
331 1635 453 1685 latet
478 1652 661 1685 arcana
690 1652 789 1684 non
825 1634 1106 1684 enarrabile
1145 1635 1288 1685 fibra.

321 1714 447 1769 Cum
475 1720 683 1786 primum
711 1719 887 1785 pavido
917 1727 1083 1768 custos
1112 1719 1228 1768 mihi
1256 1736 1473 1786 purpura
1499 1721 1672 1784 cessit,

176 1802 404 1869 bullaque
433 1803 699 1853 succinctis
726 1800 946 1853 Laribus
976 1803 1155 1852 donata
1183 1804 1444 1869 pependit3

177 1905 286 1937 cum
313 1887 480 1937 blandi
507 1886 711 1936 comites
740 1895 942 1952 totaque
969 1886 1166 1954 impune
1205 1883 1404 1937 Subura

177 1971 402 2040 permisit
427 1971 674 2038 sparsisse
702 1970 871 2020 oculos
899 1971 996 2020 iam
1035 1971 1271 2022 candidus
1311 1971 1490 2036 umb03

179 2072 385 2122 cumque
411 2056 508 2105 iter
534 2055 814 2120 ambiguum
843 2063 947 2116 cst,
996 2063 1046 2104 et
1070 2056 1204 2105 vitae
1233 2056 1431 2106 nescius
1461 2073 1606 2107 error

179 2140 363 2190 diducit
388 2139 605 2206 trepidas
632 2155 830 2188 ramosa
856 2138 907 2187 in
936 2140 1145 2206 compita
1178 2147 1389 2202 mentes,

179 2241 256 2274 me
284 2224 373 2274 tibi
399 2223 666 2291 supposui:
710 2231 912 2273 teneros
940 2231 994 2272 tu
1020 2223 1231 2290 suscipis
1268 2241 1427 2274 annos

181 2303 439 2358 Socratico
458 2346 471 2371 ‚
515 2303 740 2357 Cornute
759 2346 772 2369 ,
816 2307 959 2369 sinu,
1004 2315 1119 2356 tunc
1148 2307 1321 2357 fallere
1349 2309 1528 2359 sollers

181 2392 403 2459 apposita
432 2391 645 2441 intortos
675 2392 902 2441 extendit
928 2393 1102 2458 regula
1128 2408 1313 2454 moreS,

182 2484 232 2526 et
258 2476 499 2544 premitur
523 2475 718 2526 ratione
745 2476 938 2526 animus
964 2476 1195 2542 vincique
1224 2475 1437 2537 laborat,

182 2560 519 2627 artificemque
546 2568 629 2609 tuo
659 2560 791 2609 ducit
817 2560 905 2609 sub
934 2562 1108 2627 pollice
1138 2561 1345 2609 vultum.

180 2641 367 2695 Tecum
395 2644 577 2694 etenim
607 2643 782 2710 longos
810 2644 1008 2694 memini
1046 2661 1340 2693 consumere
1379 2644 1532 2708 soles,

185 2735 235 2778 et
260 2735 422 2778 tecum
451 2728 631 2795 primas
660 2728 816 2794 epulis
844 2729 1109 2793 decerpere
1135 2736 1328 2777 noctes.

182 2808 349 2862 Unum
377 2829 499 2879 opus
529 2821 578 2861 ct
603 2812 825 2878 requiem
853 2812 1039 2878 pariter
1066 2811 1368 2878 disponimus
1396 2812 1560 2876 ambo,

186 2902 331 2962 atque
357 2897 639 2946 verecunda
667 2898 894 2946 laxamus
931 2895 1062 2945 scria
1102 2913 1293 2946 mensa.

185 2976 305 3030 Non
332 2980 556 3046 equidem
585 2981 676 3031 hoc
704 2981 895 3030 dubites
914 3019 927 3042 ,
970 2980 1224 3030 amborum
1254 2981 1454 3032 l'oedcre
1482 2991 1618 3033 certo

189 3063 473 3115 consentire
501 3064 604 3115 dies
633 3074 682 3116 et
708 3065 766 3115 ab
795 3083 892 3115 uno
921 3064 1083 3115 sidere
1110 3065 1253 3116 duci:

301 3189 356 3233 V.
389 3204 430 3233 v.
467 3191 518 3233 15
551 3194 661 3232 ter-is
692 3206 732 3246 p.
807 3205 849 3232 v.
886 3191 937 3235 17
971 3192 1176 3246 Mycenas
1208 3208 1248 3247 p.
1323 3207 1366 3235 v·
1407 3194 1453 3236 19
1486 3194 1667 3235 bullatis

1804 231 1873 285 29

1809 1719 1879 1773 30

1813 2139 1881 2192 35

1814 2561 1884 2615 40

1813 2984 1882 3036 45

1699 3210 1737 3250 p.
1773 3211 1810 3237 e.
1846 3212 1881 3237 r.

191 3260 231 3290 v.
264 3247 320 3292 26
352 3260 475 3290 voces
506 3264 546 3305 p.
581 3262 620 3289 c.
656 3262 691 3290 r.
750 3249 901 3296 fauces
933 3262 954 3290 c
987 3251 1097 3290 coni.
1132 3251 1338 3293 Cluverii.
1410 3266 1449 3293 v.
1485 3253 1537 3294 35
1570 3252 1752 3295 deducit
1783 3268 1822 3307 p.
