2174 3728
279 264 349 319 30
968 266 1281 315 PERSII

279 414 452 457 nostra
479 404 560 456 vel
587 404 779 472 aequali
805 404 1062 471 suspendit
1086 412 1309 472 tempora
1335 402 1493 456 Libra

277 488 439 541 Parca
464 499 618 540 tenax
642 490 784 551 veri,
826 506 915 539 seu
942 497 1058 539 nata
1083 488 1304 539 fidelibus
1337 489 1459 540 hora

280 575 452 625 dividit
479 574 530 622 in
557 573 779 640 geminos
808 574 1075 623 concordia
1102 574 1202 622 fata
1229 573 1455 635 duorum,

280 655 615 709 Saturnumve
642 674 843 724 gravem
871 665 1043 707 nostro
1069 655 1196 708 Jove
1225 656 1496 722 frangimus
1524 669 1653 706 unat
1897 652 1966 708 50

278 742 449 792 1105010
478 741 635 807 quod,
679 749 814 791 certe
842 748 948 801 est,
991 740 1118 806 quod
1145 757 1221 789 me
1249 739 1337 788 tibi
1365 748 1635 807 temperat,
1674 747 1880 790 astrum.

419 823 560 875 Mille
589 824 837 875 hominum
865 824 1054 891 species
1083 832 1133 875 et
1160 840 1322 874 rerum
1352 823 1566 874 discolor
1591 840 1743 886 usus3

275 908 406 959 velle
433 925 574 959 suum
603 909 777 974 cuique
804 917 910 970 est,
953 922 1043 958 nec
1070 915 1188 957 voto
1214 907 1402 956 vivitur
1428 924 1546 957 uno.

275 989 532 1042 Mercibus
563 992 639 1041 hic
665 989 802 1042 Italis
830 1000 988 1042 mutat
1013 991 1101 1042 sub
1130 992 1235 1041 sole
1262 990 1454 1040 recenti

277 1088 512 1142 rugosum
542 1076 680 1143 piper
706 1084 754 1126 et
780 1075 1007 1142 pallentis
1034 1092 1191 1142 grana
1218 1073 1431 1136 cumini3
1900 1069 1967 1122 55

279 1158 358 1210 hic
386 1169 526 1210 satur
550 1160 740 1225 irriguo
768 1159 955 1209 mavult
988 1166 1280 1224 turgescere
1316 1170 1518 1219 5011111ος

277 1243 356 1294 hic
384 1241 571 1310 Campo
597 1243 846 1309 indulget,
893 1243 1022 1292 hunc
1049 1242 1157 1292 alea
1184 1241 1437 1307 decoquit;
1475 1240 1558 1291 ille

275 1327 329 1378 in
353 1326 603 1379 Venerem
630 1335 822 1393 putret:
866 1327 953 1377 sed
981 1344 1089 1376 cum
1127 1325 1348 1393 lapidosa
1387 1325 1628 1392 cheragra

277 1412 483 1479 fregerit
506 1410 741 1462 articulos
767 1409 955 1461 veteris
989 1409 1194 1460 ramafia
1228 1408 1347 1474 fagi,

276 1499 394 1547 tunc
422 1512 620 1546 crassos
648 1495 891 1545 transisse
919 1494 1022 1545 dies
1048 1495 1304 1559 lucemque
1332 1492 1620 1559 palustrem,
1900 1488 1971 1541 60

278 1589 329 1631 et
354 1580 448 1630 sibi
473 1580 568 1630 iam
595 1579 763 1629 miseri
788 1578 941 1629 vitam
966 1578 1254 1644 ingemuere
1280 1576 1523 1627 relictam.

275 1662 348 1714 At
374 1672 422 1713 te
449 1664 706 1712 nocturnis
733 1663 872 1712 iuvat
896 1662 1238 1728 impallescere
1273 1660 1489 1710 chartis:

277 1748 438 1798 cultor
465 1747 594 1797 enim
619 1747 852 1796 iuvenum
879 1753 1119 1813 purgatas
1149 1743 1331 1794 inseris
1372 1759 1520 1794 aures

276 1833 421 1898 fruge
450 1827 743 1881 Cleanthea.
787 1830 937 1897 petite
965 1829 1078 1878 hinc
1112 1827 1416 1893 iuvenesque
1451 1841 1696 1892 senesque

276 1917 423 1966 finem
449 1915 611 1964 animo
640 1923 827 1964 certum
855 1913 1079 1979 serisque
1104 1909 1287 1962 viatica
1318 1911 1486 1961 canis!
1899 1906 1967 1961 65

279 1995 453 2063 „Cras
481 1998 573 2048 hoc
600 1999 751 2048 fiet.“
791 1995 927 2048 Idem
955 2014 1066 2048 cras
1092 1998 1195 2047 fiet.
1241 1993 1452 2060 „Quid‘3
1491 1992 1631 2060 quasi
1667 2006 1897 2060 magnum

279 2099 499 2149 „nempe
518 2119 531 2144 ,
574 2081 700 2131 diem
727 2081 880 2130 donas
897 2081 959 2129 1⁶⁶
1000 2077 1100 2130 Sed
1128 2096 1237 2128 cum
1263 2079 1353 2128 lux
1379 2070 1536 2129 altera
1560 2077 1718 2140 venit,

274 2167 373 2217 iam
401 2184 512 2216 cras
539 2165 827 2215 hesternum
853 2164 978 2214 heu!
1036 2161 1430 2213 consumsimus:
1475 2177 1591 2211 ecce
1624 2160 1754 2211 aliud
1782 2177 1893 2211 cras

276 2251 437 2318 egerit
463 2250 551 2299 hos
579 2263 764 2309 annOS,
809 2250 858 2297 et
884 2263 1079 2314 semper
1104 2247 1299 2314 paulum
1327 2245 1422 2296 erit
1447 2245 1597 2295 ultra.-

273 2333 407 2386 Nam
435 2332 656 2400 quamvis
683 2347 834 2398 prope
860 2338 941 2392 te,
985 2330 1207 2396 quamvis
1244 2338 1442 2380 temone
1470 2327 1559 2378 sub
1585 2345 1685 2379 uno
1896 2326 1968 2380 70

274 2425 553 2469 vertentem
580 2432 693 2466 sese
720 2416 907 2464 frustra
933 2413 1188 2464 sectabere
1216 2414 1465 2474 canthum,

277 2516 388 2554 cum
412 2510 524 2552 rota
549 2498 798 2567 posterior
825 2513 996 2547 curras
1024 2506 1074 2547 et
1097 2497 1149 2546 in
1176 2514 1273 2547 axe
1300 2496 1538 2548 secundo.

415 2583 675 2636 Libertate
703 2599 823 2650 opus
851 2590 956 2644 est,
997 2598 1095 2631 non
1124 2580 1243 2642 hac,
1287 2598 1407 2647 qua,
1451 2580 1656 2647 quisque
1682 2574 1863 2631 Velina

274 2668 478 2721 Publius
507 2667 745 2729 emeruit,
788 2666 1067 2716 scabiosum
1094 2665 1338 2715 tesserula
1369 2666 1445 2714 far

275 2755 514 2824 possidet.
555 2750 670 2801 Heu
697 2751 895 2800 steriles
921 2750 1057 2812 veri,
1100 2749 1274 2816 quibus
1309 2766 1409 2799 una
1435 2745 1680 2814 Quiritem
1894 2740 1963 2798 75

274 2839 469 2905 vertigo
497 2835 645 2887 facit!
687 2834 765 2884 hie
793 2832 952 2884 Dama
979 2842 1055 2884 est
1081 2852 1180 2883 non
1206 2833 1382 2883 tressis
1410 2849 1581 2899 agaSO,

275 3004 321 3036 v.
356 2993 408 3035 50
439 2992 769 3042 Saturnumque
798 3002 839 3042 p.
863 3002 901 3029 0.
925 3000 962 3029 1¹.
1081 2988 1381 3029 Saturnumve
1402 3001 1424 3028 0
1447 2987 1559 3029 coni.
1582 2985 1887 3027 Mitseherlichi
1909 2985 1963 3027 ad

276 3052 380 3093 Hor.
404 3064 441 3090 0.
465 3054 498 3088 t.-
523 3047 599 3101 lp.
623 3048 721 3088 518.
781 3058 826 3086 va
853 3047 906 3087 58
937 3044 1044 3086 Ven.
1071 3049 1141 3085 est
1155 3043 1305 3097 putris
1328 3058 1363 3084 r.
1426 3057 1467 3084 v.
1494 3044 1543 3084 61
1575 3045 1663 3083 iam
1684 3045 1777 3082 seri
1796 3055 1835 3095 p.
1860 3055 1898 3082 0.
1922 3055 1960 3082 r.

274 3122 320 3149 V.
347 3108 399 3149 63
431 3107 547 3145 enim
579 3117 625 3142 es
656 3105 745 3142 iuv.
778 3115 819 3155 p.
855 3115 891 3142 0.
929 3113 964 3142 r.
1045 3114 1088 3142 v,
1115 3102 1167 3142 65
1199 3104 1458 3152 miserisque
1491 3113 1529 3153 p.
1556 3112 1594 3139 0.
1619 3112 1656 3139 r.
1718 3102 1919 3151 serisque
1939 3108 1962 3139 e

276 3165 387 3205 coni.
426 3159 664 3203 Marklandi
697 3159 750 3198 ad
780 3159 890 3199 Stat.
927 3158 1035 3199 silv.
1070 3171 1110 3211 p.
1142 3159 1240 3199 384.
1300 3169 1343 3196 v.
1370 3157 1422 3198 68
1455 3157 1537 3196 heu
1558 3168 1638 3196 om.
1664 3169 1702 3208 p.
1727 3168 1764 3195 0.
1790 3169 1829 3195 r.
1863 3155 1957 3195 add.

278 3221 403 3263 Serv.
427 3220 479 3260 ad
499 3215 621 3268 Virg.
645 3215 753 3257 Aen.
777 3212 832 3263 V,
857 3215 926 3257 19.
999 3227 1042 3255 v.
1068 3215 1121 3257 73
1151 3215 1233 3255 leae
1249 3217 1302 3254 ut
1322 3215 1467 3266 quisq.
1491 3224 1532 3267 p.
1555 3225 1593 3253 0.
1654 3212 1737 3252 lmc
1759 3223 1890 3264 quam
1910 3213 1965 3252 ut

277 3280 425 3332 quisq.
462 3287 499 3316 r.
