2174 3728
629 233 778 283 VITA
803 234 864 282 A.
894 232 1095 281 PERSII
1121 233 1366 284 FLACCI.
1784 233 1854 284 47

152 371 242 421 illa
280 387 391 421 esse
429 387 554 421 vera
592 381 819 438 poemata
858 373 1134 439 diceret.]1
1230 370 1358 423 Sero
1387 374 1619 440 cognovit
1647 381 1734 424 et2
1759 372 1850 425 Se-

156 457 328 491 necam
348 479 361 502 ,
401 442 488 491 sed
515 459 611 491 non
640 451 694 492 ut
721 451 982 509 caperetur
1008 443 1113 492 eius
1140 442 1358 508 ingenio,
1392 449 1412 476 3
1465 443 1594 494 [sus
1623 453 1694 494 est
1725 446 1851 512 apud

154 506 434 560 Cornutum
473 512 704 562 convictu
746 514 951 562 duorum
995 512 1218 562 virorum
1256 522 1306 562 et
1357 513 1752 564 doctissimorum
1802 524 1852 566 et

152 581 500 632 sanctissimae
527 582 660 632 vitae
677 620 690 641 ,
713 587 735 614 4
760 583 979 632 acriter⁵
1004 590 1104 631 tum
1133 582 1577 649 philosophantium
1599 623 1610 645 ‚
1656 581 1850 634 Claudii

151 649 479 717 Agathemeri
498 690 511 713 ,
534 658 554 685 ⁶
579 652 754 702 medici
781 651 1197 715 Lacedaemonii,
1237 662 1285 703 et
1310 652 1535 703 Petronii
1561 654 1851 705 Aristocra-

149 721 247 781 tis,
288 718 576 788 Magnetis,
621 740 743 788 quos
783 723 927 772 unice
965 723 1170 772 miratus
1211 732 1287 772 est
1314 732 1363 774 et
1389 725 1695 787 aemulatus,
1739 744 1849 775 cum

150 792 381 858 aequales
422 801 593 842 essent
630 801 680 843 et
720 789 934 843 Cornuti
970 792 1210 843 minores.
1240 799 1257 827 ⁷
1316 792 1452 844 Idem
1495 795 1641 846 etiam
1680 796 1848 846 decem

152 862 254 912 fere
292 867 488 912 annos8
513 880 702 913 summe
742 864 950 914 dilectus
989 881 1018 913 a
1053 861 1210 913 Paeto
1248 862 1473 915 Thrasea
1498 872 1517 898 9
1543 874 1648 927 est,
1689 867 1758 916 ita
1796 875 1850 916 ut

148 932 558 999 peregrinaretur
597 951 790 1000 quoque
829 951 939 984 cum
986 951 1044 983 eo
1092 934 1386 1000 aliquando,
1440 944 1701 1002 cognatam
1741 937 1847 987 eius

148 1003 353 1053 Arriam
380 1003 590 1054 habente
617 1022 848 1055 uxorem.
901 1001 1020 1055 Fuit
1044 1022 1235 1054 morum
1262 1006 1631 1056 lenissimorum
1649 1045 1662 1070 ,
1703 1024 1849 1057 vere-

149 1074 357 1123 cundiae
392 1073 683 1141 virginalis,
711 1082 756 1108 10
770 1076 958 1126 formae
997 1076 1228 1142 pulcrae,
1272 1076 1467 1143 pietatis
1496 1094 1616 1143 erga
1641 1086 1848 1127 matrem

148 1151 198 1193 et
234 1161 460 1194 sororem
516 1154 566 1194 et
615 1145 813 1195 amitam
851 1145 1080 1212 exemplo
1120 1147 1435 1211 sufficientis3
1499 1148 1592 1197 fuit
1630 1148 1760 1215 frugi
1799 1157 1849 1198 et

146 1214 367 1282 pudicus.
418 1213 644 1281 Reliquit
681 1216 816 1266 circa
854 1213 943 1266 HS
978 1216 1135 1266 vicies
1162 1218 1309 1266 matri
1336 1227 1386 1268 et
1411 1218 1606 1280 sorori,
1649 1219 1846 1285 scriptis

147 1293 334 1334 tantum
375 1286 431 1336 ad
474 1294 680 1335 matrem
720 1287 989 1348 codicillis,
1043 1288 1337 1354 rogavitque
1364 1296 1558 1350 lleam,
1616 1298 1670 1338 ut
1709 1290 1849 1338 daret

147 1350 375 1406 Cornuto
414 1356 680 1414 sestertia,
723 1364 777 1405 ut
815 1357 1009 1421 qnidam
1050 1357 1247 1419 dicunt,
1293 1367 1521 1419 centum,
1568 1367 1622 1408 ut
1648 1360 1730 1409 alii
1756 1377 1846 1410 vo-

144 1425 283 1489 lunt,
325 1426 521 1492 argenti
560 1425 677 1476 facti
715 1427 876 1492 pondo
914 1426 1121 1492 vigintI,
1167 1434 1212 1459 12
1240 1436 1288 1477 et
1315 1429 1466 1478 libros
1496 1429 1629 1478 eirca
1656 1430 1846 1496 septin-

145 1505 321 1563 gentos
385 1494 681 1564 Chrysippi,
714 1502 757 1530 13
807 1496 913 1547 sive
945 1504 988 1529 14
1037 1495 1382 1548 bibliothecam
1435 1516 1573 1548 suam
1625 1518 1839 1550 omnem.

262 1694 279 1733 1
320 1692 429 1744 Quin
449 1693 700 1734 —clz'eeret.
748 1693 860 1733 Haec
894 1693 1050 1733 absunt
1082 1707 1103 1733 a
1132 1695 1228 1733 Bon.
1248 1725 1258 1744 ,
1304 1702 1346 1735 et
1368 1697 1579 1748 supplevit
1604 1710 1711 1736 unus
1736 1698 1843 1738 divi-

144 1762 291 1790 norum
316 1751 526 1790 hominum
545 1781 553 1797 ‚
587 1750 659 1802 qui
683 1751 836 1789 herbas
861 1758 1101 1789 crescentes
1125 1753 1329 1799 audiunt,
1372 1767 1461 1791 eum
1488 1755 1597 1792 scire
1621 1755 1700 1794 sibi
1727 1755 1844 1794 vide-

145 1812 288 1854 retur,
333 1808 433 1859 quid
468 1808 729 1846 clamaturus
762 1808 834 1846 ille
868 1806 1048 1855 fuisset,
1094 1809 1129 1846 si
1165 1809 1409 1848 clamasset.
1464 1809 1620 1850 Tamen
1646 1818 1843 1851 nasutum

144 1864 262 1903 illum
305 1876 383 1902 non
429 1865 611 1916 putarim
655 1877 757 1903 vera
795 1868 1007 1916 poemala
1051 1866 1301 1917 scripsisse,
1348 1867 1419 1905 sed
1460 1870 1604 1915 mira,-
1649 1868 1845 1908 audierat

142 1921 277 1971 enim,
304 1921 409 1960 talia
435 1921 522 1960 l'ere
547 1923 586 1960 in
612 1920 937 1960 recitationibus
962 1921 1187 1960 acclamari
1211 1924 1338 1961 moris
1363 1922 1512 1962 fuisse.
1556 1923 1634 1962 Sed
1662 1924 1843 1965 sortasse

142 1983 341 2030 respectu
376 1974 537 2030 prologi
571 1978 646 2016 hoc
678 1984 742 2016 est
776 1977 1015 2027 adiectum,
1061 1978 1119 2017 ibi
1154 1980 1263 2018 enim
1297 1992 1383 2019 uon
1416 1992 1521 2020 vera
1551 1992 1629 2020 sua
1651 1988 1843 2034 poemata

141 2029 263 2081 esse,
297 2034 598 2086 quodammodo
621 2033 711 2087 ipse
736 2034 838 2074 dicit
860 2033 1049 2074 Persius.

256 2091 286 2188 Ξ
313 2091 770 2200 ξέηἰὲἒ.(ῗυοαῃῐι”ῐορει“θ
806 2153 906 2187 tunc
941 2147 1141 2202 temporis
1174 2148 1449 2202 vituperatus
1473 2150 1553 2198 sit,
1590 2156 1720 2191 testes
1742 2159 1843 2194 suut

143 2204 461 2258 Quintilianus,
496 2204 660 2244 Gellius
683 2211 726 2244 et
748 2203 921 2244 Fronto.

255 2261 281 2301 4
313 2260 375 2301 Ita
407 2262 537 2312 Bon.‚
587 2261 739 2312 vulgo:
784 2261 974 2302 duorum
1007 2275 1130 2302 conv.
1164 2262 1282 2303 doct.
1319 2267 1364 2303 et
1396 2266 1759 2306 secretissimorum
1781 2269 1842 2307 υί-

141 2330 312 2358 rorum.

257 2374 280 2414 5
312 2373 515 2424 Acriter,
550 2373 604 2413 cf.
637 2372 767 2414 Gron.
793 2376 844 2413 ad
870 2374 973 2415 Tac.
998 2375 1142 2425 Agric.
1169 2377 1212 2416 4.

256 2431 280 2472 6
311 2430 537 2482 Agaterm·
566 2431 721 2481 vulgo,
770 2433 881 2484 quod
924 2433 1080 2472 dudum
1122 2433 1387 2472 emendatum
1433 2439 1511 2473 est.
1568 2433 1634 2474 Cf.
1669 2435 1836 2485 Jacobs,

143 2487 269 2528 anim.
297 2488 412 2527 anth.
442 2485 517 2526 Gr.
544 2486 616 2538 Ill,
641 2489 668 2531 2
690 2502 728 2541 p.
757 2488 853 2529 196.

257 2543 282 2585 7
313 2543 374 2584 lta
399 2544 527 2594 Bon„
563 2545 690 2595 vulgo
716 2544 930 2586 Cornuto.
990 2545 1186 2586 Minores
1209 2546 1238 2585 i.
1264 2559 1300 2585 e.
1330 2546 1551 2599 discipuli,
1575 2560 1617 2588 v.
1644 2548 1838 2592 Oudend.

142 2605 186 2641 et
205 2599 330 2643 Voss.
359 2601 408 2640 de
431 2600 550 2641 vitiis
575 2614 702 2640 serm.
730 2615 767 2654 p.
799 2603 894 2643 118.

259 2658 286 2699 8
317 2657 435 2697 Idem
460 2680 508 2685 —
534 2670 672 2697 annos
694 2658 794 2699 Bon.
811 2689 823 2709 ‚
858 2659 1008 2710 vulgo:
1042 2661 1132 2711 ipse
1154 2662 1291 2698 etiam
1315 2683 1360 2688 —
1389 2663 1535 2699 (171711‘8.

255 2714 281 2755 9
313 2713 473 2766 Vulgo:
509 2714 631 2765 apud
669 2714 935 2766 Thraseam,
970 2718 1078 2768 quod
1116 2717 1355 2756 emendavit
1378 2716 1495 2770 Lips.
1523 2718 1573 2757 ad
1598 2717 1700 2758 Tac.
1726 2719 1835 2760 Aun.

142 2770 261 2820 XVI,
286 2771 339 2811 34
362 2771 488 2810 etsie
511 2770 590 2810 Ms.
616 2769 777 2810 Vineti.

229 2828 280 2868 10
313 2826 376 2867 Cf.
417 2827 506 2867 Cic.
543 2840 583 2879 p.
625 2827 795 2880 Quinct.
836 2828 903 2877 11,
939 2828 1019 2869 39:
1054 2829 1191 2869 Homo
1215 2829 1425 2878 timidus,
1458 2832 1720 2872 verecundia
1747 2836 1820 2873 vit·

143 2884 301 2925 οἰ’νιιιίί.

138 2915 163 2937 ⁰
227 2940 275 2982 11
312 2940 401 2993 Quo
424 2940 612 2980 additum
636 2954 687 2980 ex
711 2941 810 2980 Bon.
828 2971 838 2991 ,
863 2941 990 2991 vulgo
1013 2953 1093 2982 om.

229 2997 282 3041 12
311 2996 377 3037 Cf.
403 2997 534 3050 intpp.
560 2996 676 3045 Flor,
702 2997 735 3047 1,
763 2998 814 3037 18
843 3011 882 3050 p.
913 2999 1008 3039 181.

229 3066 279 3107 13
315 3066 576 3122 Chrysippi,
611 3068 718 3120 quod
753 3069 913 3108 addunt
945 3069 1060 3109 codd.
1086 3099 1097 3119 ‚
1131 3082 1348 3124 perperam
1385 3071 1570 3111 deletum
1604 3079 1683 3112 cst.
1730 3072 1834 3116 Nam

139 3121 247 3163 DCC
283 3123 411 3164 libros
444 3124 669 3179 scripsisse
703 3124 965 3180 Chrysippus
990 3126 1205 3176 traditur,
1242 3128 1297 3167 cf.
1320 3128 1439 3168 Jons.
1465 3129 1514 3168 de
1536 3129 1701 3183 scriptt.
1728 3129 1832 3172 hist.

142 3179 243 3233 phil.
271 3194 310 3233 p.
338 3180 433 3223 179.

226 3250 278 3291 14
309 3249 383 3292 Hie
406 3251 615 3293 excidisse
636 3264 708 3293 νν.
733 3257 787 3294 ut
807 3252 890 3293 alii
909 3252 1087 3301 (licant,
1119 3255 1188 3296 vel
1210 3254 1350 3296 simile
1372 3256 1472 3308 quid
1491 3286 1501 3306 ,
1537 3263 1727 3310 apertum
1750 3264 1830 3300 est.
