2174 3728
803 228 1150 278 SATIRA
1213 229 1270 276 11.
1832 229 1897 279 21

197 364 336 417 Haec
364 375 536 417 sancte
563 376 618 416 ut
644 384 818 434 poscas
837 405 850 429 ‚
891 365 1129 418 Tiberino
1156 368 1207 417 in
1234 367 1431 434 gurgite
1458 369 1644 434 mergis
1832 368 1895 419 15

193 466 336 500 mane
364 458 510 516 caput
534 449 609 501 his
639 459 841 517 terque,
874 460 923 500 et
949 460 1144 500 noctem
1174 450 1368 501 flumine
1396 467 1598 517 purgas.

190 532 331 583 Heus
358 550 450 600 age
468 573 482 595 ,
512 535 785 602 responde3
824 534 1076 585 minimum
1114 542 1188 584 est
1218 535 1345 601 quod
1373 535 1502 584 scire
1529 536 1731 586 laboro:

189 614 268 668 De
292 613 420 668 Jove
449 618 563 684 quid
588 618 780 667 sentis?
818 626 958 668 estne
985 628 1039 668 ut
1066 635 1372 685 praeponere
1400 635 1546 668 cures

190 700 320 751 hunc
347 701 609 768 cuiquam?
650 697 906 764 „Cuinam
932 703 1098 753 vis?“
1141 699 1302 752 Staio.
1333 719 1396 752 an
1423 702 1618 753 scilicet
1643 703 1841 763 haereS‚

190 785 299 851 quis
327 786 491 852 potior
513 785 666 835 iudex
687 824 699 848 ‚
731 787 961 853 puerisve
990 787 1097 852 quis
1124 787 1288 854 aptior
1314 787 1485 836 orbis?
1821 784 1891 836 20

152 866 300 918 «Hoc
322 869 504 935 igitur,
549 887 643 935 quo
671 878 723 920 tu
746 868 888 921 Jovis
916 887 1083 920 aurem
1112 870 1365 937 impellere
1392 879 1577 932 tentas,

186 951 264 1002 dic
291 953 500 1019 agedum
528 950 698 1004 Staio:
743 954 864 1022 proh
890 951 1148 1021 Juppiter!
1193 972 1221 1004 o
1247 954 1376 1004 bone
1395 993 1408 1016 ,
1440 956 1637 1015 clamet,

186 1033 444 1104 Juppiter!
488 1046 539 1088 at
565 1054 677 1088 sese
705 1056 803 1088 non
832 1039 1012 1090 clamet
1036 1035 1265 1106 Juppiter
1290 1038 1434 1105 ipse?

185 1118 449 1188 Ignovisse
476 1130 618 1188 putas
636 1160 648 1184 ‚
682 1122 794 1189 quia
811 1161 824 1185 ‚
857 1140 966 1172 cum
992 1131 1134 1172 tonat
1151 1161 1164 1185 ‚
1203 1123 1340 1172 ocius
1367 1122 1473 1175 ilex

186 1205 377 1256 sulfure
405 1206 669 1256 discutitur
695 1225 840 1257 sacro
857 1246 870 1269 ,
905 1224 1048 1273 quam
1076 1215 1225 1273 tuque
1254 1207 1540 1273 domusque.

184 1290 269 1340 An
297 1289 411 1356 quia
436 1308 536 1340 non
562 1290 697 1341 fibris
726 1291 891 1341 ovium
929 1288 1267 1357 Ergennaque
1305 1291 1507 1342 iubente

185 1374 328 1425 triste
355 1374 489 1424 iaces
517 1374 641 1425 lucis
670 1374 1050 1440 evitandumque
1076 1375 1313 1436 bidental,

183 1458 371 1509 idcirco
399 1458 627 1508 stolidam
654 1457 858 1525 praehet
885 1457 973 1508 tibi
999 1460 1186 1510 vellere
1213 1459 1417 1509 barbam

182 1539 445 1613 Juppiter?
483 1550 536 1592 at
562 1542 792 1609 quidnam
819 1550 928 1605 est,
970 1560 1063 1609 qua
1092 1551 1145 1593 tu
1171 1544 1399 1594 mercede
1427 1541 1650 1593 Deorum

183 1627 364 1678 emeris
392 1627 678 1677 auriculas?
716 1627 945 1694 pulmone
974 1634 1024 1676 et
1049 1627 1258 1678 lactibus
1287 1627 1482 1677 unctis!
1821 1622 1890 1675 30

181 1709 320 1762 Ecce
346 1711 457 1762 avia
477 1749 489 1773 ,
520 1719 606 1761 aut
630 1720 857 1761 metuens
887 1711 1051 1760 divum
1089 1720 1358 1762 matertera
1378 1751 1391 1774 ,
1434 1711 1573 1761 cunis

185 1795 375 1845 exemit
399 1812 604 1862 puerum
623 1833 637 1858 ‚
681 1796 992 1860 frontemque
1019 1804 1166 1861 atque
1193 1797 1289 1845 uda
1315 1795 1492 1846 labella

184 1879 356 1930 infami
383 1879 535 1946 digito
565 1887 615 1929 et
640 1878 928 1929 lustralibus
956 1888 1071 1930 ante
1099 1879 1269 1930 salivis

182 1963 385 2030 expiat,
415 1963 609 2013 urentis
637 1963 807 2012 oculos
834 1963 1063 2013 inhibere
1094 1964 1273 2030 perita.

180 2044 324 2097 Tunc
352 2046 577 2097 manibus
606 2046 796 2113 quatit,
828 2056 878 2097 et
903 2064 1038 2114 spem
1066 2064 1284 2097 macram
1311 2047 1530 2114 supplice
1556 2056 1674 2097 voto
1821 2044 1886 2097 3.)

181 2148 311 2181 nunc
338 2128 507 2181 Licini
531 2130 583 2180 in
611 2147 809 2197 campos
828 2169 841 2193 ,
885 2149 1015 2183 nunc
1043 2127 1219 2182 Crassi
1246 2132 1396 2182 mittit
1421 2132 1471 2181 in
1499 2133 1670 2182 aedes.

181 2212 330 2266 Hunc
358 2223 530 2283 optent
556 2231 793 2281 generum
819 2233 917 2266 rex
944 2226 994 2266 et
1019 2217 1225 2283 regina3
1277 2218 1468 2283 puellae

181 2299 312 2351 hunc
339 2299 565 2367 rapiant3
609 2299 839 2366 quicquid
867 2300 1140 2351 calcaverit
1166 2301 1243 2350 hic
1263 2339 1276 2363 ,
1306 2318 1424 2352 rosa
1450 2301 1561 2352 fiat!

179 2381 276 2436 Ast
306 2401 398 2452 ego
426 2384 608 2434 nutrici
637 2401 736 2433 non
762 2385 940 2434 mando
968 2393 1114 2446 vota3
1158 2394 1356 2451 negato,

179 2465 410 2536 Juppiter
429 2506 442 2530 ‚
474 2468 595 2518 haec
622 2467 725 2530 illi,
758 2469 980 2534 quamvis
1008 2477 1057 2518 te
1085 2469 1249 2519 albata
1276 2470 1485 2536 rogarit.
1817 2466 1886 2518 40

323 2549 500 2603 Poscis
528 2569 669 2620 opem
696 2553 867 2604 nervis
896 2571 1173 2620 corpusque
1202 2555 1342 2604 lidcle
1370 2561 1624 2604 senectae.

181 2634 310 2688 Esto
338 2654 462 2703 age:
507 2637 593 2686 sed
621 2638 834 2703 grandes
863 2638 1061 2704 patinae
1089 2646 1351 2704 tucctaque
1380 2655 1552 2688 crassa

183 2738 405 2772 annuere
434 2720 507 2770 his
535 2738 743 2788 superos
768 2730 975 2771 vetuere
1001 2719 1276 2788 Jovcmquc
1304 2730 1582 2771 morantur.

326 2803 454 2855 Rem
484 2814 680 2855 struere
709 2814 918 2872 exoptas
948 2823 1094 2856 caeso
1121 2807 1247 2857 bove
1266 2845 1279 2869 ,
1310 2805 1718 2871 llicrcuriumquc

183 2889 399 2940 arcessis
427 2888 578 2939 fibra:
621 2890 681 2938 da
709 2890 964 2940 fortunare
995 2888 1233 2952 PenateS‚
1815 2886 1883 2938 45

185 2973 245 3024 da
271 2990 421 3042 pecus
449 2982 499 3024 et
524 2974 759 3041 gregibus
788 2976 965 3025 fctum!
1010 2972 1151 3041 Quo,
1193 2975 1403 3044 pessime
1423 3014 1435 3038 ‚
1468 2984 1632 3042 pacto,

1820 1202 1887 1254 ἒξ(

187 3198 229 3224 ν.
267 3185 318 3226 19
361 3188 571 3225 cuinam?
601 3189 717 3226 cuin.
754 3200 792 3240 p.
830 3201 869 3226 c.
904 3201 938 3226 r.
1005 3189 1129 3228 het-es
1162 3201 1200 3241 p.
1275 3202 1314 3227 v.
1349 3188 1402 3231 23
1447 3188 1506 3228 ad
1539 3202 1629 3227 sose
1661 3201 1698 3240 p.
1763 3200 1802 3225 v.
1828 3187 1881 3229 29

188 3245 273 3282 aut
304 3241 454 3294 quida.
491 3256 529 3296 p.
563 3256 598 3284 c.
636 3256 671 3283 1⁵.
734 3248 786 3284 at
814 3258 835 3285 c
868 3246 977 3284 coni.
