2174 3728
787 218 1132 265 SATIRA
1195 218 1272 265 111.

1793 218 1860 270 ἐξ(

295 355 617 406 Helleborum
645 357 830 406 frustra
849 394 861 418 ,
908 374 1018 407 cum
1047 356 1145 406 iam
1185 357 1310 406 cutis
1339 374 1490 423 aegra
1517 358 1741 424 tumebit,

156 441 405 509 poscentis
433 441 634 490 videas:
679 441 902 491 venienti
931 441 1179 490 occurrite
1206 440 1413 490 morbo!

154 524 227 575 Et
253 525 366 591 quid
393 542 514 592 opus
543 521 757 574 Cratero
785 542 991 592 magnos
1020 525 1311 591 promittere
1338 525 1556 575 montis?
1795 527 1863 579 65

157 606 350 659 Discite
368 646 381 671 ,
411 608 459 658 io
487 609 686 671 miseri,
727 617 777 659 et
803 627 979 660 causas
1009 610 1297 676 cognoscite
1323 626 1512 671 rerum,

160 693 275 760 quid
302 710 471 743 sumus
492 731 504 755 ,
549 702 635 743 aut
661 693 892 760 quidnam
918 693 1099 744 victuri
1139 694 1422 760 gignimur3
1468 695 1588 745 ordo

160 777 269 844 quis
298 778 440 828 datus
461 816 473 840 ,
505 786 555 827 et
580 786 741 828 metae
770 795 867 844 qua
893 778 1053 828 mollis
1082 778 1243 828 flexus
1273 787 1321 828 et
1347 779 1509 842 unde,

160 861 269 928 quis
296 863 469 912 modus
498 871 704 928 argento
723 901 736 925 ,
779 863 894 929 quid
921 863 993 913 fas
1023 871 1194 929 optare
1212 901 1224 925 ,
1269 862 1383 928 quid
1410 880 1557 930 asper

160 945 282 996 utile
308 963 534 996 nummus
563 946 740 1009 habet3
783 946 974 1014 patriae
1003 947 1229 1013 carisque
1257 947 1544 1014 propinquis
1799 950 1868 1003 70

163 1039 398 1096 quantum
427 1030 631 1097 elargIri
658 1031 862 1093 deceat3
907 1048 1051 1097 quem
1079 1039 1128 1080 te
1158 1029 1295 1081 Deus
1325 1048 1436 1081 esse

160 1115 341 1178 iussit,
387 1124 436 1166 et
461 1116 672 1166 humana
700 1133 796 1182 qua
822 1124 961 1183 parte
989 1116 1180 1165 locatus
1210 1133 1261 1166 es
1290 1116 1341 1164 in
1368 1132 1442 1165 re.

162 1196 346 1262 Disce,
378 1217 537 1266 neque
563 1199 788 1249 invideas
805 1236 818 1260 ,
860 1199 987 1265 quod
1014 1200 1169 1248 multa
1195 1200 1357 1250 fidelia
1385 1208 1524 1267 putet

162 1283 214 1334 in
240 1284 486 1351 locuplete
513 1301 672 1351 penu,
714 1283 932 1333 desensis
968 1283 1230 1350 pinguibus
1260 1281 1482 1347 Umbris,

164 1376 215 1418 et
242 1368 381 1436 piper
406 1377 456 1418 et
481 1383 664 1435 pernae
685 1405 699 1429 ,
738 1364 901 1416 Marsi
928 1375 1246 1416 monumenta
1275 1367 1501 1432 elientis3
1803 1372 1871 1424 75

166 1469 438 1518 maenaque
467 1452 595 1518 quod
623 1452 778 1520 prima
806 1451 1023 1500 nondum
1051 1451 1291 1500 defecerit
1326 1469 1461 1502 orca.

306 1534 403 1587 Hic
430 1536 607 1602 aliquis
635 1536 694 1586 de
722 1543 869 1603 gente
897 1535 1096 1585 hircosa
1124 1530 1489 1585 Centurionum

167 1621 329 1672 dicat:
373 1617 564 1686 „Quod
591 1620 728 1688 sapio
749 1658 762 1683 ,
805 1619 927 1668 satis
957 1627 1034 1669 est
1059 1619 1210 1682 mihi3
1254 1636 1353 1668 non
1381 1636 1473 1686 ego
1502 1639 1623 1673 curo

172 1723 330 1768 „esse
358 1707 487 1772 quod
513 1704 771 1755 Arcesilas
800 1703 1181 1768 aerumnosique
1219 1700 1456 1766 Solones,

171 1789 410 1857 „obstipo
439 1790 599 1857 capite
626 1797 675 1839 et
701 1789 908 1854 figentes
936 1787 1119 1836 lumine
1148 1795 1354 1850 terram,
1807 1795 1878 1848 80

174 1892 475 1938 „murmura
503 1892 613 1924 cum
641 1890 809 1923 secum
838 1880 887 1921 et
913 1871 1113 1921 rabiosa
1140 1871 1339 1921 silentia
1373 1870 1574 1936 rodunt,

176 1968 369 2026 „atque
397 1966 699 2026 exporrecto
728 1956 1036 2006 trutinantur
1060 1955 1215 2005 verba
1242 1956 1441 2020 labello,

176 2044 417 2110 „aegroti
443 2042 629 2093 veteris
657 2041 952 2092 meditantes
987 2041 1209 2102 somnia,
1252 2041 1389 2107 gigni

176 2130 280 2192 „de
308 2128 459 2178 nihilo
489 2127 641 2190 nihil,
683 2126 735 2175 in
762 2125 965 2175 nihilum
994 2125 1063 2175 nil
1090 2142 1236 2192 posse
1263 2125 1470 2175 reverti.

178 2212 333 2277 „Hoc
351 2221 447 2276 est,
479 2213 604 2278 quod
624 2212 810 2279 palles?
839 2227 928 2260 cur
956 2210 1064 2275 quis
1087 2228 1185 2259 non
1203 2211 1463 2277 prandeat,
1495 2209 1588 2261 hoc
1616 2215 1771 2263 est‘?“
1812 2215 1880 2268 85

178 2297 272 2349 His
301 2298 506 2366 populus
534 2298 695 2359 ridet,
738 2296 1040 2359 multumque
1070 2302 1240 2344 torosa
1266 2293 1499 2346 iuventus

178 2383 452 2451 ingeminat
481 2382 718 2432 tremulos
748 2397 869 2430 naso
899 2379 1148 2445 crispante
1178 2379 1470 2429 cachinnos.

321 2465 548 2535 Inspice,
592 2465 764 2516 nescio
794 2464 907 2531 quid
935 2463 1149 2530 trepidat
1175 2463 1292 2512 mihi
1320 2473 1492 2530 pectus
1510 2504 1522 2527 ,
1569 2475 1617 2516 et
1645 2471 1810 2536 aegris

179 2552 402 2604 faucibus
431 2560 704 2619 exsuperat
729 2549 897 2617 gravis
927 2548 1137 2608 halitus3
1180 2547 1400 2614 inspice,
1444 2550 1624 2601 sodes!

181 2637 263 2705 qui
291 2636 409 2687 dicit
433 2635 623 2686 medico
642 2674 656 2698 ,
698 2635 863 2684 iussus
891 2633 1236 2699 requiescere,
1278 2641 1535 2700 postquam
1815 2638 1886 2691 90

183 2722 332 2773 tertia
359 2720 658 2788 compositas
685 2720 809 2769 vidit
837 2736 940 2767 nox
967 2734 1173 2787 currere
1200 2733 1378 2779 venas,

183 2808 241 2858 de
268 2807 455 2857 maiore
483 2807 657 2865 domo,
701 2790 944 2852 modicuni
972 2802 1172 2851 sitiente
1210 2801 1406 2868 lagena,

184 2893 316 2944 lenia
343 2892 505 2942 loturo
534 2889 626 2940 sibi
655 2884 955 2938 Surrentina
986 2886 1200 2952 rogavit..

187 3032 232 3060 v.
266 3020 318 3060 66
351 3019 508 3059 discite
538 3031 563 3058 ο
595 3018 696 3057 vtis.
731 3029 770 3068 p.
796 3028 832 3055 c.
954 3028 996 3054 v.
1031 3015 1082 3056 67
1116 3018 1161 3054 et
1194 3015 1345 3066 quidm.
1382 3030 1420 3068 p.
1455 3030 1491 3056 c.
1527 3030 1562 3056 r.
1684 3032 1723 3058 v.
1760 3021 1814 3062 68
1846 3027 1889 3062 et

188 3080 290 3117 met.
327 3089 366 3129 p.
400 3089 436 3115 c.
473 3088 508 3115 r.
567 3078 649 3113 aut
679 3087 700 3112 c
734 3074 842 3112 coni.
877 3072 1021 3111 Owcni
1055 3085 1121 3124 ap.
1160 3072 1330 3112 Wukcl'.
1367 3073 1471 3112 silv.
1506 3074 1603 3113 crit.
1641 3073 1674 3113 ll
1713 3090 1750 3128 p.
1791 3078 1884 3120 118.

190 3145 324 3185 quam
355 3146 393 3172 c.
426 3145 460 3172 r.
527 3144 566 3171 v.
604 3131 655 3171 73
688 3144 765 3168 nec
800 3132 888 3168 ιἠυ.
927 3142 963 3180 p.
999 3142 1037 3168 c.
1072 3142 1107 3168 r.
1172 3143 1213 3170 v.
1249 3130 1301 3170 78
1335 3130 1453 3181 qnod
1484 3135 1599 3170 satis
1630 3137 1723 3184 est,
1761 3140 1888 3187 sapio

192 3191 306 3230 milei
335 3201 371 3228 r.
443 3201 488 3229 v.
521 3189 575 3228 84
605 3187 745 3227 nilu‘lo
780 3187 968 3227 nilu'lum
1003 3200 1039 3239 p.
1079 3198 1118 3227 c.
1194 3200 1234 3228 v.
1271 3187 1323 3229 92
1355 3186 1522 3227 moda-e
1554 3200 1593 3241 p.
1628 3201 1664 3229 c.
1700 3203 1735 3230 r.
1799 3205 1885 3233 mo-

192 3246 340 3286 dicum.
372 3258 394 3285 e
426 3244 534 3285 coni.
570 3243 726 3284 Guieti.
