2174 3728
287 276 358 329 20
979 274 1292 324 PERSII

290 417 381 466 hoc
409 414 570 466 ridere
597 430 784 477 meum,
818 421 916 463 tam
942 414 1038 476 nil,
1078 414 1211 464 nulla
1238 412 1326 462 tibi
1349 412 1511 464 vendo

289 498 460 550 Iliade.
506 498 700 548 Audaci
729 497 1003 563 quicunque
1031 497 1190 547 afflate
1218 493 1447 560 Cratino,

287 584 467 634 iratum
492 580 784 649 Eupolidem
810 581 1107 648 praegrandi
1135 599 1243 630 cum
1275 597 1393 631 sene
1420 580 1595 648 1131163,

288 668 454 735 aspice
482 675 529 716 et
556 666 677 715 haec
696 703 709 727 ‚
747 664 791 714 si
817 665 946 714 forte
972 663 1155 729 aliquid
1182 663 1433 713 decoctius
1461 664 1619 714 audis.
1877 662 1978 714 125

286 749 406 801 Inde
433 758 670 816 vaporata
697 749 857 798 lector
882 747 999 796 mihi
1026 748 1219 796 ferveat
1252 764 1390 808 aure,

286 855 386 886 non
413 836 489 885 hic
508 874 521 897 ,
554 833 635 900 qui
661 832 712 881 in
740 832 963 898 crepidas
992 828 1258 880 Graiorum
1285 831 1455 881 ludere
1483 830 1653 896 gestit,

288 920 514 970 sordidus
534 956 546 979 ,
579 924 629 966 et
654 916 791 966 lusco
821 915 901 980 qui
928 915 1084 981 possit
1112 914 1273 963 dicere
1293 952 1305 976 ‚
1348 911 1536 976 Lusce,

287 1019 399 1054 sese
425 1003 637 1067 aliquem
664 999 871 1049 credens
888 1037 901 1060 ,
943 995 1069 1047 Ι1310
1098 999 1225 1063 quod
1251 997 1440 1047 honore
1467 997 1670 1064 supinus

284 1087 492 1154 fregerit
517 1085 736 1135 heminas
762 1082 937 1132 Arreti
963 1080 1132 1132 aedilis
1159 1080 1387 1147 iniquas3
1883 1079 1985 1132 130

287 1189 377 1221 1166
406 1170 487 1236 qui
514 1169 666 1218 abaco
695 1183 926 1217 numeros
947 1203 960 1227 ‚
1004 1174 1051 1215 et
1077 1173 1214 1215 secto
1242 1165 1292 1214 111
1320 1165 1522 1232 pulvere
1548 1174 1705 1215 metas

288 1256 383 1306 scit
408 1253 580 1303 risisse
605 1252 747 1301 vafer
764 1289 777 1312 ,
818 1250 1019 1301 multum
1051 1249 1266 1314 gaudere
1293 1257 1514 1314 paratus,

287 1340 329 1389 si
357 1337 530 1405 cynico
557 1335 759 1385 barbam
786 1334 1011 1401 petulans
1039 1332 1246 1382 nonaria
1272 1332 1443 1382 vellat.

289 1421 380 1472 His
409 1437 551 1470 mane
578 1418 838 1479 Edictum,
870 1425 982 1484 post
1007 1415 1210 1483 prandia
1238 1411 1489 1465 Calliroen
1517 1415 1597 1464 do.

838 1779 1281 1838 SATIRA
1345 1778 1426 1834 11.

287 1922 434 1973 Hunc
453 1961 467 1985 ,
497 1919 728 1972 Macrine
747 1959 760 1983 ,
792 1921 919 1970 diem
946 1935 1153 1968 numera
1179 1917 1383 1969 meliore
1409 1917 1594 1985 lapillo,

290 2008 371 2073 qui
397 2006 484 2055 tibi
512 2004 723 2056 labentis
751 2002 952 2071 apponit
979 2001 1212 2051 candidus
1241 2018 1424 2062 annos3

291 2092 438 2141 funde
466 2107 655 2140 mernm
683 2086 863 2138 Genio.
902 2084 1024 2135 Non
1050 2094 1103 2134 tu
1128 2102 1275 2151 prece
1303 2085 1466 2151 poscis
1495 2083 1651 2134 emaci

289 2191 412 2240 quae
440 2174 535 2223 nisi
563 2171 778 2222 seductis
805 2185 1021 2234 nequeas
1050 2168 1359 2218 committere
1388 2167 1532 2217 divis.

287 2257 360 2308 At
384 2257 514 2306 bona
540 2273 653 2322 pars
682 2270 942 2321 procerum
969 2252 1121 2302 tacita
1146 2251 1319 2301 libavit
1343 2267 1551 2302 acerra:
1950 2249 1983 2299 5

290 2349 376 2392 aut
403 2339 560 2389 cuivis
588 2347 830 2406 promtum
860 2345 936 2386 est
961 2353 1278 2402 murmurque
1305 2334 1598 2401 humilisque
1625 2349 1859 2384 susurros

291 2425 467 2475 tollere
496 2423 552 2473 de
581 2421 806 2488 1611111113,
841 2428 890 2470 61
916 2428 1086 2487 aperto
1113 2419 1284 2469 vivere
1310 2418 1464 2468 voto?

289 2506 438 2558 Mens
465 2507 594 2556 bona
614 2543 626 2567 ,
658 2507 782 2556 fama
801 2543 814 2567 ,
845 2504 963 2554 fides
982 2542 994 2566 ‚
1027 2504 1148 2553 haec
1176 2503 1308 2552 clare
1338 2511 1388 2552 et
1414 2510 1467 2551 111
1492 2499 1658 2550 audiat
1683 2500 1890 2568 hospes:

289 2593 373 2643 illa
400 2591 492 2641 sibi
518 2591 788 2640 introrsum
816 2597 866 2638 et
891 2587 979 2637 sub
1008 2587 1176 2654 lingua
1201 2587 1543 2636 immurmurat
1565 2605 1576 2634 ι
1619 2581 1663 2635 Ο
1692 2585 1735 2634 31

291 2677 493 2727 ebulliat
518 2683 721 2742 patruus
750 2672 1059 2740 praeclarum
1086 2671 1262 2721 funus!
1307 2678 1357 2720 et
1374 2707 1387 2732 ‚
1418 2666 1461 2720 Ο
1489 2668 1533 2718 31
1914 2667 1983 2720 10

290 2761 379 2810 31111
406 2767 570 2809 133110
599 2765 770 2824 crepet
795 2756 991 2822 argenti
1016 2755 1133 2804 mihi
1159 2755 1291 2804 seria
1317 2754 1494 2804 dextro

289 2843 508 2894 Hercule
533 2843 543 2891 1
588 2842 884 2910 pupillumve
911 2839 1096 2888 utinam
1113 2876 1125 2899 ,
1158 2855 1299 2903 quem
1326 2836 1583 2904 proximus
1611 2835 1755 2887 heres

289 2927 485 2994 impello
504 2965 516 2988 ‚
548 2924 858 2993 expungam!
903 2938 1113 2987 namque
1140 2930 1216 2971 631
1242 2920 1496 2971 scabiosus
1515 2958 1529 2983 ‚
1567 2928 1617 2970 et
1641 2919 1744 2970 acri

287 3012 383 3062 bile
411 3018 584 3061 tumet.
623 3006 785 3059 Nerio
812 3006 909 3057 iam
935 3005 1084 3056 tertia
1111 3006 1305 3056 ducitur
1329 3004 1489 3056 uxor!

289 3179 331 3205 v.
369 3166 448 3208 128
488 3165 637 3216 poscit
663 3175 698 3202 c.
734 3175 771 3202 r.
874 3174 913 3201 ν.
952 3160 1031 3202 129
1073 3173 1202 3212 seque
1232 3173 1271 3213 p.

404 3221 455 3262 11.
480 3234 523 3260 v.
549 3221 574 3263 2
596 3222 790 3273 apponet
809 3230 850 3270 p.
924 3230 966 3257 ν.
1002 3219 1024 3257 5
1048 3217 1207 3256 libabit
1225 3230 1261 3256 c.
1342 3228 1383 3255 ν.
1412 3215 1435 3256 6
1458 3214 1580 3254 haud
1620 3227 1656 3267 p.
1692 3227 1731 3254 c.
1766 3227 1803 3255 r.
1876 3228 1915 3255 v.
1952 3215 1976 3256 9

288 3281 540 3319 murmurat
565 3289 601 3329 p.
664 3288 705 3317 v.
728 3275 778 3315 10
800 3273 960 3315 ebullit
977 3287 1018 3327 p.
1043 3286 1081 3313 c.
1106 3286 1143 3313 r.
1199 3274 1364 3325 patrui
1383 3285 1420 3326 p.
1444 3284 1481 3311 c.
1545 3283 1583 3311 v.
1615 3271 1666 3314 14
1690 3270 1899 3313 conditur
1913 3285 1952 3326 p.
