2174 3728
260 231 332 285 22
951 233 1264 285 PERSII

261 377 336 421 tot
361 369 451 420 tibi
477 387 584 421 cum
611 370 664 420 in
689 370 907 422 flammas
933 372 1150 423 iunicum
1177 380 1374 422 omenta
1397 371 1707 439 liquescant?

263 452 333 503 Et
359 462 524 504 tamen
550 453 627 504 hic
656 455 788 505 extis
827 463 877 505 et
902 456 1060 523 opimo
1085 456 1290 508 vincere
1317 456 1444 506 ferto

262 537 504 588 intendit:
552 535 704 601 „Jam
733 539 914 589 crescit
940 557 1090 606 ager,
1119 540 1217 589 iam
1245 540 1428 589 crescit
1454 539 1604 601 ovile,

267 621 410 684 „iam
437 621 660 685 dabitur,
690 623 818 682 iam,
846 622 974 679 iam!
997 629 1035 654 ‘⁶
1076 624 1232 680 donec
1260 623 1493 690 deceptus
1521 631 1571 673 et
1597 639 1779 691 exspes

267 706 592 778 nequicquam
619 707 769 760 fundo
796 707 1014 774 suspiret
1039 723 1264 757 nummus
1290 706 1343 756 in
1368 706 1483 759 imo,

353 780 356 783 ¹
410 779 472 844 Si
493 790 580 841 tibi
608 799 857 847 craterras
884 791 1081 858 argenti
1105 791 1374 856 incusaque
1401 790 1571 858 pingui

269 889 393 923 auro
421 874 550 929 dona
576 875 757 937 feram,
789 876 937 930 sudes
965 883 1015 925 et
1039 883 1241 942 pectore
1267 875 1411 925 laevo

269 958 494 1008 excutiat
519 967 684 1025 guttas
709 960 886 1012 laetari
912 960 1277 1027 praetrepidum
1305 975 1409 1010 cor.

268 1039 401 1098 Hinc
428 1042 547 1101 illud
574 1042 754 1106 subiit,
788 1061 910 1103 auro
938 1060 1108 1096 sacras
1137 1042 1264 1110 quod
1291 1050 1439 1093 ovato

269 1125 498 1192 perducis
526 1126 711 1177 facies:
753 1144 867 1177 nam
894 1128 1075 1181 fratres
1100 1113 1233 1181 inter
1259 1127 1445 1183 ahenos

271 1209 463 1269 somnia
489 1209 664 1277 pituita
691 1211 772 1276 qui
798 1212 1149 1278 purgatissima
1179 1210 1381 1260 mittunt

269 1292 522 1363 praecipui
549 1281 730 1357 sunto,
759 1294 922 1361 sitque
947 1295 1045 1346 illis
1073 1311 1225 1352 aurea
1249 1294 1423 1345 barba.

411 1375 604 1435 Aurum
630 1396 752 1430 vasa
775 1377 972 1432 Numae
1000 1376 1334 1444 Saturniaque
1360 1376 1551 1445 impulit
1576 1393 1714 1438 aera,

274 1457 590 1528 Vestalisque
616 1479 768 1513 urnas
796 1471 846 1513 et
869 1461 1088 1517 Tuscum
1114 1462 1263 1516 fictile
1295 1469 1467 1513 mutat.

271 1541 316 1600 Ο
346 1562 530 1596 curvae
555 1546 607 1595 in
633 1554 795 1599 terras
823 1546 1015 1596 animae
1043 1554 1093 1596 et
1120 1545 1407 1595 coelestium
1433 1545 1638 1596 inanes!

272 1625 404 1700 Quid
429 1629 568 1688 iuvat
593 1630 717 1691 hoc,
747 1631 941 1697 templis
969 1638 1168 1688 nostros
1194 1629 1460 1688 immittere
1486 1645 1670 1691 mores,

271 1720 322 1762 et
346 1712 476 1763 bona
508 1711 593 1764 Dis
621 1731 689 1764 ex
714 1715 804 1774 hac
831 1714 1078 1768 scelerata
1105 1715 1288 1769 ducere
1315 1714 1495 1781 pulpa?

270 1794 412 1850 Haec
439 1797 533 1850 sibi
560 1806 793 1866 corrupto
823 1798 1007 1850 casiam
1034 1797 1262 1859 dissolvit
1292 1795 1445 1859 olivo,

271 1880 394 1932 haec
422 1877 687 1939 Calabrum
718 1882 857 1932 coxit
881 1882 1056 1932 vitiato
1085 1882 1272 1934 murice
1298 1880 1477 1943 veum,

271 1965 393 2019 haec
418 1966 590 2017 bacam
618 1967 837 2017 conchae
862 1966 1048 2017 rasisse
1064 2004 1077 2028 ,
1118 1974 1168 2016 et
1193 1965 1444 2031 stringere
1469 1978 1625 2017 venas

273 2050 514 2105 ferventis
540 2067 735 2102 massae
759 2051 909 2101 crudo
938 2050 996 2100 de
1022 2050 1224 2117 pulvere
1249 2048 1416 2098 iussit.

273 2131 461 2185 Peccat
487 2143 537 2185 et
563 2135 715 2198 haec,
747 2143 950 2203 peccat:
991 2133 1110 2183 vitio
1137 2141 1304 2182 tamen
1329 2131 1505 2182 utitur.
1546 2128 1619 2180 At
1642 2147 1734 2181 vos

276 2218 452 2282 dicite,
482 2217 751 2270 Pontifices
772 2257 785 2281 ,
823 2219 875 2273 in
902 2235 1045 2268 sacro
1075 2217 1188 2284 quid
1215 2216 1332 2266 facit
1358 2215 1569 2266 aurum?

276 2320 451 2370 nempe
478 2303 570 2353 hoc
599 2304 727 2370 quod
753 2301 944 2355 Veneri
972 2302 1181 2351 donatae
1208 2318 1238 2351 a
1261 2300 1456 2368 virgine
1484 2314 1662 2367 pupae.

278 2383 413 2454 Quin
440 2388 608 2442 damus
635 2387 683 2437 id
709 2387 930 2454 superis,
970 2386 1028 2436 de
1055 2403 1232 2452 magna
1261 2386 1389 2452 quod
1416 2385 1533 2436 dare
1558 2384 1699 2439 lanc-e

278 2488 379 2531 non
406 2472 563 2539 possit
588 2471 753 2538 magni
778 2468 1032 2522 Messalae
1057 2472 1188 2543 lippa
1214 2485 1465 2538 propago:

280 2555 602 2622 compositum
628 2556 704 2606 ius
732 2556 904 2621 fasque
930 2556 1093 2605 animo
1113 2593 1127 2618 ,
1169 2562 1468 2619 sanctosque
1493 2567 1725 2601 recessus

279 2640 487 2702 mentiS,
523 2628 582 2691 vet
607 2640 855 2689 incoctum
881 2657 1129 2707 generoso
1157 2647 1327 2706 pectus
1355 2635 1601 2686 honesto?

283 2723 421 2785 Haec
451 2725 600 2788 ced0,
639 2732 694 2779 ut
719 2724 1007 2777 admoveam
1034 2723 1249 2792 templiS,
1281 2730 1331 2776 et
1356 2721 1489 2771 farre
1515 2718 1686 2770 litabo·

1888 620 1957 674 50

1892 1039 1961 1098 55

1895 1459 1967 1521 6ss

1899 1877 1969 1932 65

1900 2295 1973 2362 70

1903 2716 1972 2773 75

284 2902 327 2930 v.
358 2890 412 2931 47
432 2890 639 2943 flammis
669 2903 709 2943 p.
742 2902 779 2930 c.
815 2902 850 2930 r.
970 2902 1014 2931 ν.
1050 2891 1104 2932 54
1134 2891 1341 2931 excutias
1375 2900 1414 2941 p.
1449 2899 1487 2927 c.
1606 2897 1652 2929 v.
1695 2882 1748 2925 65
1789 2885 1837 2923 et
1875 2881 1972 2926 Cal.

282 2960 323 2999 p.
357 2959 395 2988 c.
429 2959 466 2986 r.
537 2959 580 2988 v.
615 2946 667 2989 69
699 2949 746 2987 in
776 2949 931 2988 sancto
961 2959 1002 3002 p.
1037 2959 1076 2987 c.
